@misc{circleid09survey,
    key = CircleID,
    author = "{CircleID}",
    title = "Survey: Cloud Computing `No Hype', But Fear of Security
	and Control Slowing Adoption",
    howpublished =
	"\url{http://www.circleid.com/posts/20090226_cloud_computing_hype_security/}",
    month = feb,
    year = 2009
}

@misc{nsf_distributedsystems_report,
    author = "M. Kaashoek and B. Liskov and D. Andersen and M. Dahlin and C. Ellis and S. Gribble and A. Joseph and H. Levy and A. Myers and J. Mogul and I. Stoica and A. Vahdat",
    title = "Report of the NSF Workshop on Research Challenges 
		in Distributed Computer Systems",
    note = "\url{http://www.nsf.gov/cise/cns/geni/workshop_report.pdf}",
    year = 2005,
    month = dec
}

@InProceedings{plaxton07online, 
author = {G. Plaxton and M. Tiwari and P. Yalagandula}, 
 title = {Online Aggregation over Trees}, 
 booktitle = {Proceedings of the 21 st International Parallel and Distributed Processing Symposium (IPDPS)}, 
 year = 2007 , 
 month = Mar
 } 

@InProceedings{jain07star,
  author =       {N. Jain and D. Kit and P. Mahajan and P. Yalagandula and M. Dahlin and Y. Zhang},
  title =        {{STAR}: Self-Tuning Aggregation for Scalable Monitoring},
  booktitle =    VLDB07,
  year =         2007
}

@InProceedings{belaramani09pads, 
 author = {N. Belaramani and J. Zheng and A. Nayate and R. Soule and M.  Dahlin and R. Grimm}, 
 title = {{PADS}: A {P}olicy {A}rchitecture for building {D}istributed {S}torage Systems}, 
 booktitle = NSDI,
 year = 2009, 
 month = apr
} 

@misc{yalagandula05administrative, 
author = {P. Yalagandula and M. Dahlin}, 
 title = {Administrative Autonomy for Structured Overlays}, 
 year = 2005 , 
 month = {Nov}, 
 howpublished = "whitepaper,
 \url{http://www.cs.utexas.edu/users/dahlin/papers/yalagandula05administrative-Nov2005.pdf}" 
 } 

@PhdThesis{yalagandula05scalable,
  author =       {P. Yalagandula},
  title =        {A Scalable Information Management Middleware for Large Distributed Systems},
  school =       {University of Texas at Austin},
  year =         2006
}


@conference{chang06bigtable,
	Author = {Chang, F. and Dean, J. and Ghemawat, S. and Hsieh, W.C. and Wallach, D.A. and Burrows, M. and Chandra, T. and Fikes, A. and Gruber, R.E.},
	Booktitle = OSDI,
	Title = {{Bigtable: A distributed storage system for structured data}},
	Year = {2006}
}

@inproceedings{theimer89quicksilver,
    author = "Marvin Theimer and Luis-Felipe Cabrera and James C.
	Wyllie",
    title = "Quick{S}ilver Support for Access to Data in Large, Geographically Dispersed Systems",
    booktitle = ICDCS,
    year = 1989
}

@InProceedings{schmuck91experience,
  author = 	 "Frank Schmuck and Jim Wyllie",
  title = 	 "{Experience with Transactions in Quicksilver}",
  booktitle =	 {SOSP},
  year =	 1991,
}

@InProceedings{aiyer05bar,
  author = 	 {A. Aiyer and L. Alvisi and A. Clement and M. Dahlin and J.P. Martin and C. Porth},
  title = 	 {{BAR} Fault Tolerance for Cooperative Services},
  booktitle =	 {SOSP},
  year =	 2005,
}

@inproceedings{li08flightpath,
    author = "H. Li and A. Clement and M. Marchetti and M. Kapritsos and
	L. Robinson and L. Alvisi and M. Dahlin",
    title = "FlightPath: Obedience vs choice in cooperative services",
    booktitle = OSDI,
    year = 2008
}

@Misc{vanRenesse08consensus,
  author =    {R. van Renesse},
  title =     {Consensus without pain},
  howpublished = {Talk at UT Austin},
  year =      2008}

@Book{churchill50volIII,
  author =    {W. Churchill},
  title =        {The Grand Alliance},
  publisher =    {Houghton Mifflin},
  year =         1950,
  volume =    {III},
  series =    {The Second World War}}


@InProceedings{castro99,
  author =       {M. Castro and B. Liskov },
  title =        "Practical {B}yzantine Fault Tolerance",
  booktitle =    OSDI,
  year =         1999,
}

@Article{Malkhi98BQS,
  author =       {D. Malkhi and M. Reiter},
  title =        {{B}yzantine Quorum Systems},
  journal =  {Distributed Computing},
  publisher = {Springer-Verlag},
  year =         {1998},
  pages = {203-213}
}
@inproceedings{overheadbft,
 author = {Hendricks, James and Ganger, Gregory R. and Reiter, Michael K.},
 title = {{Low-Overhead Byzantine Fault-Tolerant Storage}},
 booktitle = {SOSP},
 year = {2007}}

@inproceedings{nysiad,
    author = "Chi Ho and Robbert van Renesse and Mark Bickford and Danny Dolev",
    title = "Nysiad: Practical Protocol Transformation to Tolerate {B}yzantine Failures",
    booktitle = NSDI,
    year = 2008,
}

@inproceedings{byzantinereplication,
    author = {Yair Amir and Brian Coan and Jonathan Kirsch and John Lane},
    title = {{Byzantine Replication Under Attack}},
    booktitle = DSN,
    year = {2008}}


@inproceedings{malkhi98secure,
 author = "Dahlia Malkhi and Michael K. Reiter",
 title = "Secure and Scalable Replication in {Phalanx}",
 booktitle = "SRDS",
 year = 1998,
month= oct
}


@InProceedings{white02integrated,
  author =       {White and Lepreau and Stoller and Ricci and Guruprasad and Newbold and Hibler and Barb and Joglekar},
  title =        {An Integrated Experimental Environment for Distributed Systems and Networks},
  booktitle = OSDI,
  year =      2002,
  month =     Dec}

@Misc{beckmann09google,
  author =    {C. Beckmann},
  title =     {Google App Engine: Information regarding 2 {J}uly 2009 outage},
  howpublished = {\url{http://groups.google.com/group/google-appengine/browse_thread/thread/e9237fc7b0aa7df5/ba95ded980c8c179}},
  month =     Jul,
  year =      2009}

@Misc{cook09fire,
  author =    {B. Cook},
  title =     {Seattle data center fire knocks out {Bing Travel}, other Web sites},
  howpublished = {\url{http://www.techflash.com/seattle/2009/07/Seattle_data_center_fire_knocks_out_Bing_Travel_other_Web_sites_49876777.html}},
  month =     Jul,
  year =      2009}

http://www.techflash.com/seattle/2009/07/Seattle_data_center_fire_knocks_out_Bing_Travel_other_Web_sites_49876777.html

@Misc{miller09FBI,
  author =    {R. Miller},
  title =     {{FBI} Siezes Servers at Dallas Data Center},
  howpublished = {\url{http://www.datacenterknowledge.com/archives/2009/04/03/fbi-seizes-servers-at-dallas-data-center/}},
  month =    Apr,
  year =      2009}

@misc{cassandra,
        Date-Modified = {2009-07-24 21:30:41 -0500},
        Howpublished = {\url{http://cassandra.apache.org}},
        Title = {The {A}pache {C}assandra project}}

@misc{couchdb,
        Date-Modified = {2009-07-24 21:32:53 -0500},
        Howpublished = {\url{http://couchdb.apache.org/}},
        Title = {{CouchDB}}}

@Article{lampson83hints,
  author =       {B. Lampson},
  title =        {Hints for computer system design},
  journal =      {{ACM} OSR},
  year =         1983,
  volume =    15,
  number =    5,
  pages =     {33--48},
  month =     Oct}

@article{saltzer84endtoend,
 author = {J. Saltzer  and D. Reed and D. Clark},
 title = {End-to-end arguments in system design},
 journal = TOCS,
 volume = {2},
 number = {4},
 year = {1984},
 issn = {0734-2071},
 pages = {277--288},
 doi = {http://doi.acm.org/10.1145/357401.357402},
 publisher = {ACM},
 address = {New York, NY, USA},
 }

@article{castro02practical,
  author =       {Miguel Castro and Barbara Liskov},
  title =        "Practical {B}yzantine fault tolerance and proactive
                  recovery",
  journal =      TOCS,
  volume =       {20},
  number =       {4},
  year =         {2002}
}

@InProceedings{yin03separating,
  author =       {J. Yin and J.P. Martin and A. Venkataramani and L. Alvisi and M. Dahlin},
  title =        {Separating Agreement from Execution for {B}yzantine Fault Tolerant Services},
  booktitle =    {SOSP},
  year =         2003
}

@InProceedings{martin02minimal,
  author = 	 {J.P. Martin and L. Alvisi and M. Dahlin},
  title = 	 {Minimal {B}yzantine Quorums},
  booktitle =	 DISC02,
  year =	 2002,
  month =	 Oct
}


@InProceedings{martin02small,
  author = 	 {J.P. Martin and L. Alvisi and M. Dahlin},
  title = 	 {Small {B}yzantine Quorum Systems},
  booktitle =	 DSN02,
  year =	 2002,
  month =	 Jun
}

@InProceedings{malek05fault,
  author =       {M. Abd-El-Malek and G. Ganger and G. Goodson and M. Reiter and J. Wylie},
  title =        {Fault-scalable {B}yzantine fault-tolerant servers},
  booktitle =    {SOSP},
  year =         2005
}
@InProceedings{cowling06hq,
  author =       {J. Cowling and D. Myers and B. Liskov and R. Rodrigues and L. Shrira},
  title =        {{HQ} Replication: A Hybrid Quorum Procol for {B}yzantine Fault Tolerance},
  booktitle =    OSDI,
  year =         2006
}
@InProceedings{kotla07zyzzyva,
  author =       {R. Kotla and L. Alvisi and M. Dahlin and A. Clement and E. Wong},
  title =        {Zyzzyva: Speculative {B}yzantine Fault Tolerance},
  booktitle =    {SOSP},
  year =         2007
}
@PhdThesis{kotla08xbft, 
author = {R. Kotla}, 
 title = {{xBFT}: Byzantine Fault Tolerance with High Performance, Low COst, and Aggressive Fault Isolation}, 
 school = {University of Texas at Austin}, 
 year = 2008 , 
 month = May
 } 

@Article{kotla08zyzzyva, 
author = {R. Kotla and A. Clement and E. Wong and L. Alvisi and M. Dahlin}, 
 title = {{Zyzzyva:} Speculative Byzantine Fault Tolerance}, 
 journal = {Communications of the {ACM}}, 
 month = Nov, 
 year = 2008 
 } 

@inproceedings{vandiver07tolerating,
        Author = {B. Vandiver and H. Balakrishnan and B. Liskov and S. Madden},
        Booktitle = {SOSP},
        Title = {Tolerating {B}yzantine faults in transaction processing systems using commit barrier scheduling},
        Year = {2007},
}
@InProceedings{kotla04high,
  author =       {R. Kotla and M. Dahlin},
  title =        {High-throughput {B}yzantine Fault Tolerant Services},
  booktitle =    DSN,
  year =         2004,
}

@techreport{wood08zz,
        Author = {T. Wood and R. Singh and A. Venkataramani and P. Shenoy},
        Institution = {University of Massachusetts},
        Number = {TR14-08},
        Title = {{ZZ}: Cheap Practical {BFT} Using Virtualization},
        Year = 2008}

@InProceedings{clement08bar, 
author = {A. Clement and H. Li and J. Napper and J-P Martin and L. Alvisi and M. Dahlin}, 
 title = {{BAR} Primer}, 
 booktitle = DSN,
 year = 2008 , 
 month = Jun
}

@InProceedings{clement09making,
author = {A. Clement and M. Marchetti and E. Wong and L. Alvisi and M. Dahlin},
 title = "Making {B}yzantine Fault Tolerant Systems Tolerate {B}yzantine Faults",
 booktitle = NSDI,
 year = 2009 ,

 }

@InProceedings{clement09upright,
author = {A. Clement and M. Kapritsos and S. Lee and Y. Wang and L. Alvisi and M. Dahlin and T. Riche},
 title = {{UpRight} Cluster Services},
 booktitle = {SOSP},
 year = 2009 ,
 }


@InProceedings{li06bar,
  author =       {H. Li and A. Clement and E. Wong and J. Napper and I.  Roy and L. Alvisi and M. Dahlin},
  title = 	 {{BAR} Gossip},
  booktitle =    OSDI06,
  year =         2006
}



@InProceedings{clement07theory, 
author = {A. Clement and J. Napper and H. Li and JP Martin and L. Alvisi and M. Dahlin}, 
 title = {Theory of {BAR} Games}, 
 booktitle = {Brief Announcements: Proceedings of the Symposium on Principles of Distributed Computing (PODC 2007 )}, 
 year = 2007 , 
 month = Aug, 
 } 


@InProceedings{sen10prophecy,
  author =       {S. Sen and W. Lloyd and M. Freedman},
  title =        {Prophecy: Using History for High-Throughput Fault Tolerance},
  booktitle = NSDI,
  year =      2010}

@InProceedings{guerraoui10next,
  author =       {R. Guerraoui and N. Knezevic and V. Quema and M. Vukolic},
  title =        {The Next 700 {BFT} Protocols},
  booktitle = {Eurosys},
  year =      2010}

@InProceedings{li04secure,
  author =       "J. Li and M. Krohn and D. Mazi{\`e}res and D. Shasha",
  title =        {Secure Untrusted Data Repository {(SUNDR)}},
  booktitle =    OSDI,
  year =         2004
}


@InProceedings{li07beyond,
  author =       {J. Li and D. Mazieres},
  title =        {Beyond One-Third Faulty Replicas in {B}yzantine Fault Tolerant Systems},
  booktitle = NSDI,
  year =      2007}


@InProceedings{majuntke09abortable,
  author =       {M. Majuntke and D. Dobre and M. Serafini and N. Suri},
  title =        {Abortable Fork-Linearizable Storage},
  booktitle = {OPODIS},
  year =      2009}

@InProceedings{oprea06consistency,
        title = {On consistency of encrypted files},
        author = {A. Oprea and M. Reiter},
        booktitle = {DISC},
        year = {2006}
}

@article{kistler92,
        AUTHOR = "J.  Kistler and M. Satyanarayanan",
        title="{Disconnected Operation in the Coda File System}",
        journal=TOCS,
        volume=10,
        number=1,
        month=Feb,
        year = 1992,
        pages="3--5"
}


@inproceedings{guy90,
        author = "R. Guy and J. Heidemann and W. Mak and
                                T. Page and Gerald J. Popek and
                                D. Rothmeier",
        title = "{Implementation of the Ficus Replicated File System}",
        booktitle = {USENIX Summer},
        year = 1990
}


@InProceedings{cachin07efficient,
  author =       {C. Cachin and A. Shelat and A. Shraer},
  title =        {Efficient fork-linearizable access to untrusted shared memory},
  booktitle =    {PODC},
  year =         2007
}

@inproceedings{cachin09integrity,
    author = "C. Cachin and M. Geisler",
    title = "Integrity Protection for Revision Control",
    year = 2009,
    booktitle = {Applied Cryptography and Network Security (ACNS)}
}

@InProceedings{reiher94,
  author =       "P. Reiher and J. Heidemann and D. Ratner and
                  G. Skinner and G. Popek",
  title =        "{Resolving File Conflicts in the Ficus File System}",
  booktitle =    {USENIX Summer},
  year =         1994
}

@InProceedings{terry95managing,
  author =       "D. Terry and M. Theimer and K. Petersen and
                  A. Demers and M. Spreitzer and C. Hauser",
  title =        "{Managing Update Conflicts in Bayou, a Weakly Connected
                  Replicated Storage System}",
  booktitle =    {SOSP},
  year =         1995,

}

@inproceedings{demmer08tierstore,
 author = {M. Demmer and B. Du and E. Brewer},
 title = {{TierStore}: a distributed filesystem for challenged networks in developing regions},
 booktitle = FAST,
 year = 2008,
 }

@Misc{macaskill06showme,
  author =    {D. MacAskill},
  title =     {Amazon {S3}: Show me the money},
  howpublished = {\url{http://don.blogs.smugmug.com/2006/11/10/amazon-s3-show-me-the-money/}},
  month =     Nov,
  year =      2006}

@InProceedings{gray00,
  author =       {J. Gray and P. Shenoy},
  title =        "{Rules of Thumb in Data Engineering}",
  booktitle = {"Data Engineering"},
  year =         2000,
  pages = "3--12"
}

@Article{durkee10why,
  author =       {D. Durkee},
  title =        {Why Cloud Computing Will Never Be Free},
  journal =      {{ACM} Queue},
  year =         2010,
  month =     Apr}

@InProceedings{prabhakaran05iron,
  author =       {V. Prabhakaran and L. Bairavasundaram and N. Agrawal and H. Gunawi and A. Arpaci-Dusseau and R. Arpaci-Dusseau},
  title =        {{IRON} File System},
  booktitle =    {SOSP},
  year =         2005
}


@article{howard88,
        AUTHOR = "J.  Howard and M.  Kazar and S.  Menees and D.  Nichols and M. Satyanarayanan and R.  Sidebotham and M.  West",
        title="{Scale and Performance in a Distributed File System}",
        journal = TOCS,
 volume =6,
number=1,
month=Feb,
year=1988,
pages="51--81"}


@InProceedings{decandia07,
  author =       {G. Decandia  and D. Hastorun  and M. Jampani  and G. Kakulapati
                  and A. Lakshman and A. Pilchin and S. Sivasubramanian and P. Vosshall
                  and W. Vogels},
  title =        {Dynamo: Amazon's Highly Available Key-value Store},
  booktitle =    {SOSP},
  year =         2007
}

@InProceedings{kotla07safestore,
  author =       {R. Kotla and L. Alvisi and M. Dahlin},
  title =        {{SafeStore}: A Durable and Practical Storage System},
  booktitle = {USENIX Technical},
   year =         2007
}

@InProceedings{shah07auditing,
  author =       {M. Shah and M.  Baker and J. Mogul and R. Swaminathan},
  title =        { Auditing to Keep Online Storage Services Honest.},
  booktitle = {{HotOS }},
  year =      2007,
}

@InProceedings{shacham09compact,
  author =       {H. Shacham and B. Waters},
  title =        {Compact Proofs of Retrievability},
  booktitle = {{ASIACRYPT}},
  year = 2008,
}

@article{lamport82,
  author = "L. Lamport and R. Shostack and M. Pease",
  title = "{The {B}yzantine Generals Problem}",
  journal = "ACM TPLS",
  year = 1982,
  volume = 4,
  number = 3,
  pages = "382--401"
  }

@InProceedings{lynchCAP,
  author =       {S. Gilbert and N. Lynch},
  title =        "{Brewer's conjecture and the feasibility of Consistent,
Available, Partition-tolerant web services}",
  booktitle =    "ACM SIGACT News, 33(2)",
  year =         "2002",
}
@InProceedings{frigo98,
  author =       {M. Frigo and V. Luchangco},
  title =        "{Computation-Centric Memory Models}",
  booktitle =    {SPAA},
  year =         1998,
}

@InProceedings{terry94session,
  author =       {B. Terry and A. Demers and K. Petersen and M. Spreitzer and M. Theimer and B. Welch},
  title =        {Session Guarantees for Weakly Consistent Replicated Data},
  booktitle =    {ICPDS},
  year =         1994,
}

@PhdThesis{zheng08ura, 
author = {J. Zheng}, 
 title = {URA: A Universal Data Replication Architecture}, 
 school = {Universiy of Texas}, 
 year = 2008 , 
 month = Aug, 
 } 

@misc{zheng08feres,
  title = 	 {Feres: Flexible and Efficient Replica Synchronization},
  year = 	 2008,
  author = {J. Zheng  and N. Belaramani and A. Nayate and M. Dahlin},
  howpublished = {\url{http://www.cs.utexas.edu/users/dahlin/papers/feres2008.pdf}},
  month = 	 Aug}


@TechReport{yalagandula04challenges,
  author = 	 {P. Yalagandula and M. Dahlin},
  title = 	 {Research Challenges for a Scalable Distributed Information Management System},
  institution =  {U. of Texas Dept. of Computer Sciences},
  year = 	 2004,
  number =	 {TR04-48},
  month =	 Oct
}

@InProceedings{yalagandula04sdims,
  author = 	 {P. Yalagandula and M. Dahlin},
  title = 	 {A Scalable Distributed Information Management System},
  year = 	 2004,
  booktitle =	 SIGCOMM04,
  month =	 Aug
}

@Misc{dahlin07stp,
  author =       {M. Dahlin and A. Venkataramani and A. Nayate and P. Yalagandula and R. Kokku},
  howpublished = {In review {\em ACM Transactions on Systems}.},
  title =        {{SSR}: Safe Speculative Replication},
  month =        Jan,
  year =         2007
}

@InProceedings{petersen97flexible,
  author =       {K. Petersen and M. Spreitzer and D. Terry and M. Theimer and A. Demers},
  title =        "{Flexible Update Propagation for Weakly Consistent Replication}",
  booktitle =    {SOSP},
  year =         1997,
}

@InProceedings{nayate04transparent,
  author = 	 {A. Nayate and M. Dahlin and A. Iyengar},
  title = 	 {Transparent Information Dissemination},
  booktitle =	 Middleware04,
  year =	 2004,
  month =	 Oct
}
@InProceedings{belaramani06practi,
  author =       {N. Belaramani and M. Dahlin and L. Gao and A. Nayate and A. Venkataramani and P. Yalagandula and J. Zheng},
  title =        {{PRACTI} Replication},
  booktitle = NSDI,
  year =         2006
}

@ARTICLE{lamport78,
  AUTHOR = {L. Lamport},
  TITLE = {Time, Clocks, and the Ordering of Events in a Distributed System},
  JOURNAL = {CACM},
  YEAR = {1978},
  VOLUME = {21},
  NUMBER = {7},
  MONTH = {July}
}

@Article{Parker83Detection,
  author =       "D. S. Parker and G. J. Popek and G. Rudisin and A. Stoughton and B. J. Walker
                  and E. Walton and J. M. Chow and S. Kiser and D. Edwards and C. Kline",
  title =        "{Detection of Mutual Inconsistency in Distributed Systems}",
  journal =      "{IEEE TSE}",
  year =         1983,
  volume =       "SE-9",
  number =       3,
  month =        May,
  pages =        "240--247"
}

@InProceedings{jain09self, 
author = {N. Jain and P. Yalagandula and M. Dahlin and Y. Zhang}, 
 title = {Self-Tuning, Bandwidth-Aware Monitoring for Dynamic Data Streams}, 
 booktitle = {25th {IEEE} International Conference on Data Engineering (ICDE)}, 
 year = 2009 , 
 month = Mar
 } 

@InProceedings{jain08smart,
  author =       {N. Jain  and P. Yalagandula and M. Dahlin and Y. Zhang},
  title =        {SMART: Scalable, Bandwidth-Aware Monitoring of Continuous Aggregation Queries},
  booktitle =    {In review.},
  year =         2008,
  month =        Feb
}

@InProceedings{jain08network, 
author = {N. Jain and D. Kit and D. Mahajan and P. Yalagandula and M. Dahlin and Y. Zhang}, 
 title = {Network Imprecision: A New Consistency Metric for Scalable Monitoring}, 
 booktitle = OSDI,
 year = 2008 , 
 month = Dec
 } 

@article{ahamad95causalmemory,
    author = {Mustaque Ahamad and Gil Neiger and James E. Burns and Prince Kohli and P.W. Hutto},
    title = {Causal Memory: Definitions, Implementation and Programming},
    volume = 9,
    number = 1,
    pages = {37--49},
    journal = {Distributed Computing},
    year = {1995}
}

@InProceedings{jain05taper, 
author = {N. Jain and M. Dahlin and R. Tewari}, 
 title = {{TAPER}: Tiered Approach for Eliminating Redundancy in Replicas }, 
 booktitle = FAST, 
 year = 2005 , 
 month = {Dec}, 
 pdf = "http://www.cs.utexas.edu/users/dahlin/papers/2005-fast-TAPER.pdf", 
 } 

inproceedings{mahajan10depot,
    Author = {P. Mahajan and S. Setty and S. Lee and A. Seehra and
	      A.  Clement and L. Alvisi and M. Dahlin and
	      M. Walfish},
    Title = "Depot: Cloud storage with minimal trust",
    month = oct,
    Year = 2010,
    booktitle = OSDI,
    note = "To appear"
}

inproceedings{mahajan10depot_with_tr,
    Author = {P. Mahajan and S. Setty and S. Lee and A. Seehra and
	      A.  Clement and L. Alvisi and M. Dahlin and
	      M. Walfish},
    Title = "Depot: Cloud storage with minimal trust",
    month = oct,
    Year = 2010,
    booktitle = OSDI,
    note = "To appear. A preliminary version is available at 
    \url{http://www.cs.utexas.edu/forms/tech_reports/reports/tr/TR-1980.pdf}"
}

@misc{mahajan10depot_with_tr,
    Author = {P. Mahajan and S. Setty and S. Lee and A. Seehra and
	      A.  Clement and L. Alvisi and M. Dahlin and
	      M. Walfish},
    Title = "Depot: Cloud storage with minimal trust",
    month = jun,
    Year = 2010,
    note = "Submitted to OSDI and pending as of time of proposal
	submission. A version is available as UT CS Tech Report
	10-21. \url{http://www.cs.utexas.edu/forms/tech_reports/reports/tr/TR-1980.pdf}"
}


@TechReport{mahajan09astro,
author = {P. Mahajan and S. Lee and J. Zheng and L. Alvisi and Mike Dahlin},
 title = {{ASTRO}: Autonomous and Trustworthy Data Sharing},
 institution = {The University of Texas at Austin, Department of Computer Sciences},
 year = 2008 ,
 number = {TR-09-29},
 month = Oct,
 pdf = www.cs.utexas.edu/users/princem/papers/astro.pdf
 }

@inproceedings{ mazieres99,
        author = "David Mazi{\`e}res and Michael Kaminsky and M. Frans Kaashoek and Emmett Witchel",
        title = "Separating key management from file system security",
        booktitle = {SOSP},
        year = "1999"
}

@INPROCEEDINGS{santry99deciding,
    author = {D. Santry and M. Feeley and N. Hutchinson and A. Veitch and R. Carton and J. Otir},
    title = {Deciding when to forget in the Elephant file system},
    booktitle = {SOSP},
    year = {1999},
    pages = {110--123}
}
@InProceedings{castro00proactive,
  author =       {M. Castro and B. Liskov},
  title =        {Proactive Reocovery in a {B}yzantine Fault Tolerant System},
  booktitle =    OSDI,
  year =         2000
}

@article{birman91lightweight,
 author = {A. Schiper and K Birman and P. Stephenson},
 title = {Lightweight causal and atomic group multicast},
 journal = TOCS,
 volume = {9},
 number = {3},
 year = {1991},
 issn = {0734-2071},
 doi = {http://doi.acm.org/10.1145/128738.128742},
 publisher = {ACM},
 address = {New York, NY, USA},
 }

@InProceedings{yalagandula07shruti, 
author = {P. Yalagandula and M. Dahlin}, 
 title = {Shruti: A Self-Tuning Hierarchical Aggregation System}, 
 booktitle = {First {IEEE} International Conference on Self-Adaptive and Self-Organizing Systems}, 
 year = 2007, 
 month = Jul
 } 


@Misc{google09latency,
  author =    {E. Schurman and J. Brutlag},
  title =     {The User and Business Impact of Server Delays, Additional Bytes, and HTTP Chunking in Web Search},
  howpublished = {\url{http://en.oreilly.com/velocity2009/public/schedule/detail/8523}},
  month =     Jun,
  year =      2009}

@Misc{amazon08latency,
  author = {G. Linden},
  title = {Make data useful},
  howpublished = {\url{http://www.scribd.com/doc/4970486/Make-Data-Useful-by-Greg-Linden-Amazoncom}},
  month = Aug,
  year = 2008}


@InProceedings{spreitzer97dealing,
  author =       {M. Spreitzer and M. Theimer and K. Petersen and A. Demers and D. Terry},
  title =        {Dealing with Server Corruption in Weakly Consistent, Replicated Data Systems},
  booktitle =    "MOBICOM",
  year =         1997
}

@InProceedings{haeberlen07peerreview,
  author =       {A. Haeberlen and P. Kouznetsov and P. Druschel},
  title =        {{PeerReview}: Practical Accountability for Distributed Systems},
  booktitle =    {SOSP},
  year =         2007
}

@InProceedings{haeberlen05glacier,
  author =       {A. Haeberlen and A. Mislove and P. Druschel},
  title =        {Glacier: Highly durable, decentralized storage despite massive correlated failures},
  booktitle =    NSDI,
  year =         2005,
}

@PhdThesis{maniatis03historic,
  author =       {P. Maniatis},
  title =        {Historic Integrity in Distributed Systems},
  school =       {Stanford},
  year =         2003
}

@article{yumerefendi07strong,
    author = "A. Yumerefendi and J. Chase",
    title = "Strong Accountability for Network Storage",
    journal = {ACM Transactions on Storage (TOS)},
    month = oct,
    year = 2007,
    volume = 3,
    number = 3
}

@inproceedings{cachin09BFTW3,
        Author = {Cachin, Christian},
        Booktitle = {BFTW3},
        Title = {{From Byzantine-Tolerant to Intrusion-Safe Services}},
        Year = {2009}}

@inproceedings{farsite,
 author = {Adya, Atul and Bolosky, William J. and Castro, Miguel and Cermak, Gerald and Chaiken, Ronnie and Douceur, John R. and Howell, Jon and Lorch, Jacob R. and Theimer, Marvin and Wattenhofer, Roger P.},
 title = {{FARSITE: Federated, Available, and Reliable Storage for an Incompletely Trusted Environment}},
 booktitle = OSDI,
 year = {2002},
}
@inproceedings{trinc,
        Author = {Levin, Dave and Douceur, John R. and Lorch, Jacob R. and Moscibroda, Thomas},
        Booktitle = NSDI,
        Title = {{TrInc: small trusted hardware for large distributed systems}},
        Year = {2009},
}
@inproceedings{tft,
 author = {Chun, Byung-Gon and Maniatis, Petros and Shenker, Scott and Kubiatowicz, John},
 title = {{Tiered Fault Tolerance for Long-Term Integrity}},
 booktitle = FAST,
 year = {2009},
 }


@inproceedings{a2m,
        Author = {Chun, Byung-Gon and Maniatis, Petros and Shenker, Scott and Kubiatowicz, John},
        booktitle = {SOSP},
        Title = {{Attested Append-Only Memory: Making Adversaries Stick to their Word}},
        Year = 2007,

}

@inproceedings{oceanstore,
        Author = {Kubiatowicz, John and Bindel, David and Chen, Yan and Czerwinski, Steven and Eaton, Patrick and Geels, Dennis and Gummadi, Ramakrishna and Rhea, Sean and Weatherspoon, Hakim and Weimer, Westley and Wells, Chris and Zhao, Ben},
        Booktitle = {ASPLOS},
        Title = {{OceanStore: An Architecture for Global-Scale Persistent Storage}},
        Year = {2000}}
@article{cachin09SIGACT,
Author = {Cachin, Christian and Keidar, Idit and Shraer, Alexander},
Journal = {SIGACT News},Title={{Trusting the cloud}}, Year=2009}


@InProceedings{gao05dual,
  author = 	 {L. Gao and M. Dahlin and J. Zheng and L. Alvisi and A. Iyengar},
  title = 	 {Dual-Quorum Replication for Edge Services},
  booktitle =	 Middleware05,
  year =	 2005,
  month =	 Nov
}

@Article{gao05improving,
  author = 	 {L. Gao and M. Dahlin and
   A. Nayate and J. Zheng and A. Iyengar},
  title = 	 {Improving Availability and Performance with
   Application-Specific Data Replication},
  journal = 	 TKDE,
  year = 	 2005,
  volume =	 17,
  number =	 1
}

@InProceedings{jain05using, 
author = {N. Jain and M. Dahlin and R. Tewari}, 
 title = {Using Bloom filters to refine web search results}, 
 booktitle = {Eighth International Workshop on the Web and Databases (WebDB2005)}, 
 year = 2005 , 
 month = Jun, 
 organization = {SIGMOD}, 
 pdf = http://www.cs.utexas.edu/users/dahlin/papers/webdb-167.pdf 
 } 

@inproceedings{yip06pastwatch,
    author = "Alexander Yip and Benjie Chen and Robert Morris",
    title = "Pastwatch: A Distributed Version Control System",
    booktitle = NSDI,
    year = 2006,
}

@TechReport{jain06prism, 
author = {N. Jain and D. Kit and D. Mahajan and M. Dahlin and Y. Zhang}, 
 title = {{PRISM}: PRecision Integrated Scalable Monitoring}, 
 institution = {Department of Computer Sciences, University of Texas at Austin}, 
 year = 2006 , 
 number = {TR-06-22}, 
 month = Oct
 } 

@article{bqs,
 author = "Dahlia Malkhi and Michael Reiter",
 title = {{Byzantine Quorum Systems}},
 journal = {Distributed Computing},
 year = 1998,
 volume = 11,
 number = 4,
 pages = {203--213},
 month = oct
}

@article{chord,
 author = {Stoica, Ion and Morris, Robert and Liben-Nowell, David and Karger, David R. and Kaashoek, M. Frans and Dabek, Frank and Balakrishnan, Hari},
 title = {Chord: a scalable peer-to-peer lookup protocol for internet applications},
 journal = {IEEE/ACM Trans. Netw.},
 volume = {11},
 number = {1},
 year = {2003}}


@article{linearizability,
        Author = {Maurice P. Herlihy and Jeannette M. Wing},
        Journal = {ACM TPLS},
        Title = {{Linearizability: A Correctness Condition for Concurrent Objects}},
        Year = {1990}}


@inproceedings{fawn,
 author = {Andersen, David G. and Franklin, Jason and Kaminsky, Michael and Phanishayee, Amar and Tan, Lawrence and Vasudevan, Vijay},
 title = {FAWN: a fast array of wimpy nodes},
 booktitle = {SOSP},
 year = {2009}}

@inproceedings{kargerconsistenthashing,
 author = {Karger, David and Lehman, Eric and Leighton, Tom and Panigrahy, Rina and Levine, Matthew and Lewin, Daniel},
 title = {{Consistent Hashing and Random Trees:
Distributed Caching Protocols for Relieving Hot Spots on the World Wide Web}},
 booktitle = {STOC},
 year = {1997}}


@conference{pnuts,
        Author = {Cooper, B.F. and Ramakrishnan, R. and Srivastava, U. and Silberstein, A. and Bohannon, P. and Jacobsen, H.A. and Puz, N. and Weaver, D. and Yerneni, R.},
        Booktitle = {VLDB},
        Date-Modified = {2009-07-24 21:41:36 -0500},
        Title = {{PNUTS: Yahoo!’s Hosted Data Serving Platform}},
Year = {2008}}




@Misc{us05insider,
  key =       {US},
  title =     { {US} {S}ecret {S}ervice report on insider attacks},
  howpublished = {\url{http://www.sei.cmu.edu/about/press/insider-2005.html}},
  year =      2005}

@InProceedings{pinheiro07failure,
  author =       {E. Pinheiro and W. Weber and L. Barroso},
  title =        {Failure Trends in a Large Disk Drive Population},
  booktitle =  FAST,
  year =      2007,
  month =     Feb}

@misc{azurepricing,
      Title = "{Windows Azure Pricing}",
      howpublished = "\url{http://www.microsoft.com/windowsazure/pricing/}"
}

@misc{amazons3,
        Howpublished = {\url{http://aws.amazon.com/s3}},
        Title = {{Amazon Simple Storage Service (Amazon S3)}}}

@misc{amazonec2,
        Howpublished = {\url{http://aws.amazon.com/ec2}},
        Title = {{Amazon Elastic Compute Cloud (Amazon EC2)}}}


@misc{amazons3pricing,
        Howpublished = {\url{http://aws.amazon.com/s3/pricing}},
        Title = {{Amazon S3 pricing}}}

@misc{amazonec2pricing,
        Howpublished = {\url{http://aws.amazon.com/ec2/pricing}},
        Title = {{Amazon EC2 pricing}}}


@Misc{amazon08availability,
  key =    {Amazon S3 Team},
  title =     "{Amazon S3 Team. Amazon S3 availability event: July 20, 2008}",
  howpublished = "\url{http://status.aws.amazon.com/s3-20080720.html}",
  month =     Jul,
  year =      2008}


@Misc{lostFiles02,
  title =     {Victims of lost files out of luck},
  howpublished =
      "\url{http://news.cnet.com/Victims-of-lost-files-out-of-luck/2100-1023_3-887849.html}",
  month =    Apr,
  year =      2002}


@InProceedings{calore09magnolia,
  author =    {M. Calore},
  title =     {Ma.gnolia suffers major data loss, site taken offline},
  booktitle = {Wired },
  month =     Jan,
  year =      2009}

@misc{microsoftazure,
        Howpublished = {\url{http://www.microsoft.com/windowsazure/windowsazure}},
        Title = {{Windows Azure Platform}}}

@misc{azurestorage,
        Howpublished = {\url{http://msdn.microsoft.com/en-us/library/dd179355.aspx}},
        Title = {{Azure Storage Services REST API Reference}}
}


@inproceedings{yu06availability,
 author = {Nath, Suman and Yu, Haifeng and Gibbons, Phillip B. and Seshan, Srinivasan},
 title = {{Subtleties in Tolerating Correlated Failures in Wide-area Storage Systems}},
 booktitle = NSDI,
 year = {2006}, }

@inproceedings{lifestatemachine,
 author = {Vogels, Werner},
 title = {{Life Is Not A State-Machine: The Long Road From Research To Production}},
 booktitle = {PODC},
 year = {2006}}

@inproceedings{cachin09DSN,
        Author = {Cachin, Christian and Keidar, Idit and Shraer, Alexander},
        Booktitle = DSN,
        Title = {{Fail-Aware Untrusted Storage}},
Year = 2009}


@Article{lampson92,
  author =       "B. Lampson and M. Abadi and M. Burrows and E. Wobber",
  title =        "{Authentication in Distributed Systems: Theory and Practice}",
  journal =      TOCS,
  year =         1992,
  volume =       10,
  number =       4,
  pages =        "265--310",
  month =        "Nov"
}

@inproceedings{rama08cim,
  author =       {Venugopalan Ramasubramanian and Thomas Rodeheffer and
      Douglas B. Terry and Meg Walraed-Sullivan and Ted Wobber and Catherine C. Marshall and Amin Vahdat},
  title =        {Cimbiosys: A platform for content-based partial replication},
  booktitle =  NSDI,
  year =         2009
}


@MISC{mobileme,
  title = {MobileMe},
  howpublished = {\url{www.me.com}},
  year = 2007
}


@InProceedings{oppenheimer03why,
  author =       {David Oppenheimer and Archana Ganapathi and David A. Patterson},
  title =        {Why do {I}nternet services fail, and what can be done about it?},
  booktitle = {USITS},
  year =      2003}




@MISC{grooveKatrina,
  title = {Building an Emergency Operations Center on Groove and SharePoint},
  howpublished = {\url{http://technet.microsoft.com/en-us/magazine/2006.10.grooveandsharepoint.aspx}},
  month = Oct,
  year = 2006
}

@Article{birrell82,
  author =       "A. Birrell and R. Levin and R. Needham and M. Schroeder",
  title =        "{Grapevine: An Exercise in Distributed Computing}",
  journal =      {CACM},
  year =         1982,
  volume =       25,
  number =       4,
}

@inproceedings{wobber10policy,
 author = "Ted Wobber and Thomas L. Rodeheffer and Douglas B. Terry",
 title = "Policy-based Access Control for Weakly Consistent Replication",
 booktitle = EUROSYS,
 year = 2010
}

@PhdThesis{kang04s2d2,
  author =       {B. Kang},
  title =        {{S2D2}: A framework for scalable and secure optimistic replication},
  school =       {UC Berkeley},
  year =         2004,
  month =        Oct
}

@Misc{git,
  key =       {Git},
  title =     {Git: The fast version control system},
  howpublished = {\url{http://git-scm.com/}}}

@Misc{mercurial,
  key =       {Mercurial},
  title =     {Mercurial},
  howpublished = {\url{http://mercurial.selenic.com/}}}

@InProceedings{singh09nsdi,
  author =       {Atul Singh and Pedro Fonseca Petr Kuznetsov and Rodrigo Rodrigues and Petros Maniatis},
  title =        {Zeno: Eventually Consistent Byzantine Fault Tolerance},
  booktitle = NSDI,
  month =        Apr,
  year =         2009
}

@Misc{livemesh,
  title =        {Live Mesh},
  howpublished = {\url{https://www.mesh.com}},
  year =         2008
}


@TechReport{popa10enabling,
author = {R. A. Popa and J. R. Lorch and D. Molnar and H. J. Wang and L. Zhuang},
 title = {Enabling Security in Cloud Storage {SLA}s with {C}loud{P}roof},
 institution = {Microsoft Research},
 year = 2010 ,
 number = {MSR-TR-2010-46},
 month = May,
}


@Article{reiter95securing,
  author =       {M. Reiter and L. Gong},
  title =        {Securing causal relationships in distributed systems},
  journal =    {The Computer Journal},
  pages =        {633-642},
  year =         1995,
  volume =       38,
  number =       8
}

@inproceedings{Reddy04Versatile,
 author = {Muniswamy-Reddy, Kiran-Kumar and Wright, Charles P. and Himmer, Andrew and Zadok, Erez},
 title = {A Versatile and User-Oriented Versioning File System},
 booktitle = FAST,
 year = {2004},
 location = {San Francisco, CA},
 publisher = {USENIX Association},
 address = {Berkeley, CA, USA},
 }





@techreport{fjc_techreport,
        Author = {P. Mahajan and S. Setty and S. Lee and A. Seehra and
                  A.  Clement and L. Alvisi and M. Dahlin and
                  M. Walfish},
        Institution = "Department of Computer Science, The University of
	    Texas at Austin",
        Title = "Notes on fork-join-causal consistency",
	month = jun,
        Year = 2010,
	number = {TR-10-19},
	note = "\url{http://www.cs.utexas.edu/~mwalfish/fjc-tr.pdf}"
}



@Misc{InsiderAttacks,
  title =     {{US} secret service report on insider attacks},
  howpublished = {\url{http://www.sei.cmu.edu/about/press/insider-2005.html}},
  year =      2005}



@techreport{bassham94threat,
        Author = {L. Bassham and W. Polk},
        Institution = {National Institute of Standards and Technology Computer Science Division},
        Title = {Threat assessment of malicious code and human threats},
        Year = 1994,
howpublished = {\url{http://csrc.nist.gov/nistir/threats/}}} 

@inproceedings{goodrich08athos,
	Author = {Michael T. Goodrich and Charalampos Papamanthou and Roberto Tamassia and Nikos Triandopoulos},
	Booktitle = {Information Security Conference (ISC)},
	Title = {Athos: Efficient Authentication of Outsourced File Systems},
	Year = {2008}
}

@inproceedings{kallahalla03plutus,
    title = "Plutus: Scalable Secure File Sharing on Untrusted Storage",
    author = "Mahesh Kallahalla and Erik Riedel and Ram Swaminathan and
	Qian Wang and Kevin Fu",
    booktitle = FAST,
    year = 2003
}

@InProceedings{goh03sirius,
   author = {Eu-Jin Goh and Hovav Shacham and Nagendra Modadugu and Dan Boneh},
   title = {{SiRiUS:} {S}ecuring {R}emote {U}ntrusted {S}torage},
   booktitle = NDSS,
   year = 2003,
}
@comment   publisher = {Internet Society (ISOC)}

@InProceedings{miller01strong,
  author = 	 {Ethan Miller and Darrell Long and William Freeman
                  and Benjamin Reed},
  title = 	 {Strong Security for Distributed File Systems},
  booktitle = 	 {20th IEEE International Performance, Computing,
                  and Communications Conference},
  year =	 2001,
}

@InCollection{reed81swallow,
  author = 	 {David Reed and Liba Svobodova},
  title = 	 {Swallow: A Distributed Data Storage System for a
                  Local Network},
  booktitle =	 {Local Networks for Computer Communications},
  pages =	 {355--373},
  publisher = 	 {North-Holland Publ.},
  year = 	 1981,
  editor =	 {A. West and P. Janson},
  address =	 {Amsterdam},
  annote =	 {Immutable files}
}

@inproceedings{strunk04self,
    author = "J. Strunk and G. Goodson and M. Scheinholtz and C. Soules and G. Ganger",
    title = "Self-securing storage: protecting data in compromised systems",
    booktitle = OSDI,
    year = 2000
}

@InProceedings{blaze93cryptographic,
  author = 	 {Matt Blaze},
  title = 	 "A Cryptographic File System for {Unix}",
  booktitle = 	 CCS,
  year =	 1993,
}

@INPROCEEDINGS{wright93ncryptfs,
  AUTHOR =	 "Charles P. Wright and Michael Martino and Erez Zadok",
  TITLE =	 "{NCryptfs}:  A Secure and Convenient Cryptographic File
                  System",
  BOOKTITLE =	 {USENIX Technical},
  YEAR =	 2003,
}

@inproceedings{alvisi00dynamic,
Author = {L. Alvisi and E. Tumlin Pierce and D. Malkhi and M. K.
Reiter and R. N. Wright},
Bibsource = {DBLP, http://dblp.uni-trier.de},
Booktitle = DSN00,
Ee = {http://computer.org/proceedings/dsn/0707/07070283abs.htm},
Pages = {283--292},
Title = {Dynamic {Byzantine} Quorum Systems},
Year = {2000}}

@article{alvisi01fault,
Author = {L. Alvisi and D. Malkhi and E. Pierce and M. K. Reiter},
Issn = {1045-9219},
Journal = {IEEE Trans. Parallel Distrib. Syst.},
Number = {9},
Pages = {996--1007},
Title = {Fault Detection for {Byzantine} Quorum Systems},
Url = {http://www.cs.utexas.edu/users/lorenzo/papers/tpdslyn.ps},
Volume = {12},
Year = {2001}}

@inproceedings{alvisi01wrapping,
Author = {L. Alvisi and T. C. Bressoud and A. El-Khashab and K.
Marzullo and D. Zagorodnov},
Booktitle = {Proceedings of INFOCOM},
Month = {April},
Pages = {329--337},
Title = {Wrapping {S}erver-{S}ide {TCP} to {M}ask {C}onnection
{F}ailures.},
Year = {2001}}

@article{alvisi02causality,
Author = {L. Alvisi and K. Bhatia and K. Marzullo},
Journal = {Distributed Computing},
Month = {January},
Number = {1},
Pages = {1--15},
Publisher = {Springer-Verlag},
Title = {Causality {T}racking in {C}ausal {M}essage-{L}ogging
{P}rotocols.},
Volume = {15},
Year = {2002}}

@inproceedings{alvisi98low,
Author = {L. Alvisi and S. Rao and H. Vin},
Booktitle = ICDCS98,
Month = {May},
Organization = {IEEE Computer Society},
Pages = {452--461},
Title = {Low-Overhead Protocols for Fault-Tolerant File-Sharing},
Year = {1998}}

@article{alvisi98message,
Author = {L. Alvisi and K. Marzullo},
Journal = {IEEE Transactions on Software Engineering},
Month = {February},
Number = {2},
Pages = {149-159},
Title = {Message {L}ogging: {P}essimistic, {O}ptimistic, {C}ausal,
and {O}ptimal},
Volume = {24},
Year = {1998}}

@inproceedings{alvisi99analysis,
Author = {L. Alvisi and E. N. Elnozahy and S. Rao and S. A. Husain
and A. De Mel},
Booktitle = {Proceedings of the 29th Fault-Tolerant Computing
Symposium (FTCS)},
Month = {June},
Pages = {242--249},
Title = {An {A}nalysis of {C}ommunication-{I}nduced {C}heckpointing},
Year = {1999}}
@article{bhatia03scalable,
Author = {K. Bhatia and K. Marzullo and L. Alvisi},
Journal = {Concurrency and Computation: Practice and Experience},
Number = {10},
Pages = {873-889},
Publisher = {Wiley},
Title = {Scalable causal message logging for wide-area
environments.},
Volume = {15},
Year = {2003}}

@article{elnozahy02survey,
Author = {E. N. Elnozahy and L. Alvisi and Y.M. Wang and D. B.
Johnson},
Journal = {ACM Computing Surveys},
Number = {3},
Pages = {375-408},
Title = {{A} Survey of Rollback-Recovery Protocols in Message-Passing
Systems.},
Volume = {34},
Year = {2002}}

@inproceedings{kokku02halfpipe,
Author = {R. Kokku and R. Rajamoni and L. Alvisi and H. Vin},
Booktitle = {Proceedings of the 10th International Conference on
Network Protocols (ICNP 2002)},
Month = {November},
Title = {Half-Pipe Anchoring: An Efficient Technique for Multiple
Connection Handoff},
Url =
{http://www.cs.utexas.edu/users/lasr/papers/Kokku02HalfPipe.pdf},
Year = {2002}}

@inproceedings{martin04framework,
Address = {Florence, Italy},
Author = {J-P. Martin and L. Alvisi},
Booktitle = DSN04,
Month = jun,
Title = {A Framework for Dynamic {B}yzantine Storage},
Url = {http://www.cs.utexas.edu/~lasr/papers/Martin04Framework.pdf},
Year = {2004}}

@article{rao00cost,
Author = {S. Rao and L. Alvisi and H. M. Vin},
Journal = {IEEE Transactions on Knowledge and Data Engineering},
Number = {2},
Pages = {160-173},
Title = {The Cost of Recovery in Message Logging Protocols},
Url = {http://www.cs.utexas.edu/users/lasr/papers/Rao00Cost.pdf},
Volume = {12},
Year = {2000}}

@inproceedings{rao99egida,
Address = {Madison, WI},
Author = {S. Rao and L. Alvisi and H. M. Vin},
Booktitle = {Proceedings of the 29th Fault-Tolerant Computing
Symposium (FTCS)},
Month = {June},
Pages = {48--55},
Title = {Egida: An Extensible Toolkit for Low-Overhead
Fault-Tolerance},
Year = {1999}}

@inproceedings{zagorodnov03engineering,
Author = {D. Zagorodnov and K. Marzullo and L. Alvisi and T. C.
Bressoud},
Booktitle = DSN03,
Month = jun,
Pages = {393--402},
Title = "Engineering Fault-Tolerant {TCP/IP} Servers Using {FT-TCP}",
Year = {2003}}


@Article{zagorodnov09practical,
  author = {D. Zagorodnov and K. Marzullo and L. Alvisi and T. C.
Bressoud},
  title = {Practical and Low-Overhead Masking of Failures of
TCP-Based Servers},
  journal = TOCS,
  year = 2009,
  volume = 7,
  number = 2,
  pages= {1--39},
  month = May
}

