@string{NSDI = {NSDI}}

@string{SIGCOMM = {Proc. ACM SIGCOMM}}

@string{OSDI = {OSDI}}

@string{SOSP = {SOSP}}

@string{USENIX = {{USENIX} Technical}}

@string{HOTNETS = {ACM Workshop on Hot Topics in Networks (HotNets)}}

@string{SIGMETRICS = {SIGMETRICS}}

@string{HOTOS = {HotOS}}

@string{CONEXT = {Proc. ACM Conference on emerging Networking
    EXperiments and Technologies (CoNEXT)}}

@string{ICNP = {Proc. IEEE International Conference on Network Protocols
    (ICNP)}}

@string{PODC = {PODC}}

@string{IMC = {IMC}}

@string{EUROSYS = {EuroSys}}

@string{NDSS = {NDSS}}

@string{VLDB = {VLDB}}

@string{JSAC = {IEEE JSAC}}

@string(FAST= {FAST}) 

@comment @string{DSN = {Dependable Systems and Networks (DSN)}}
@string{DSN = {DSN}}

@string{SRUTI = {Proc.\ \smcpit{USENIX} Steps to Reducing Unwanted Traffic on the
Internet Workshop (\smcpit{SRUTI})}}

@string{INFOCOM = {INFOCOM}}

@string{SIGCSE = {Proc. ACM SIGCSE}}

@string{MIDDLEWARE = {Proc.\ \smcpit{ACM/IFIP/USENIX} International Middleware
    Conference}}

@string{ACNS = {Proc.\ International Conference on Applied Cryptography
    and Network Security}}

@string{IPTPS = {Proc.\ International Workshop on Peer-to-Peer Systems
    (IPTPS)}}

@string{FDNA = "Proc.\ \smcpit{SIGCOMM} Workshop on Future Directions in Network Architecture"}

@string{SECURITY = {USENIX Security}}

@string{MOBICOM = {MOBICOM}}

@string{CCS = {Proc.\ \smcpit{ACM} Conference on Computer and
    Communications Security (\smcpit{CCS})}}

@string{CCR = {ACM CCR}}
@string{WPES = {Proc.\ Workshop on Privacy in the Electronic Society
    (\smcpit{WPES})}}

@string{WWW = {Proc.\ International World Wide Web Conference
    (\smcpit{WWW})}}

@string{OAKLAND = {Proc.\ \smcpit{IEEE} Symposium on Security and Privacy}}

@string{EC = {Proc.\ \smcpit{ACM} Conference on Electronic Commerce
    (\smcpit{ec})}}

@string{TON = {\smcpit{ACM/IEEE} Transactions on Networking}}
@string{TOCS = {ACM Transactions on Computer Systems (TOCS)}}

@string{SPW = {Proc.\ International Workshop on Security Protocols}}
@string{FOCS = {Proc.\ \smcpit{IEEE} Symposium on Foundations of
    Computer Science (FOCS)}}
@string{STOC = {Proc.\ \smcpit{ACM} Symposium on the Theory of Computing
    (\smcpit{STOC})}}

@string{SODA = {Proc.\ ACM-SIAM Symposium on Discrete Algorithms (SODA)}}

@string{SRDS = {Proc.\ \smcpit{IEEE} Symposium on Reliable Distributed
    Systems}}

@string{MOBIHELD = {Proc.\ {ACM SIGCOMM} Workshop on Networking, Systems,
    Applications on Mobile Handhelds}}

@string{HOTCLOUD = {Proc.\ {USENIX} Workshop on Hot Topics in Cloud
    Computing (HotCloud)}}

@string{JACM = {Journal of the \smcpit{ACM}}}
@STRING{JAL = {Journal of Algorithms}}
@string{CC = {Computational Complexity}}
@string{SIJC = {\smcpit{SIAM} Journal on Computing}}
@string{JCSS = {Journal of Computer and System Sciences}}
@string{CACM = {Communications of the \smcpit{ACM}}}
@string{JC = {Journal of Cryptology}}
@string{jcrypt = {Journal of Cryptology}}
@string{DCC = {Designs, Codes and Cryptography}}
@string{CRYPTO = {Proc. \smcpit{CRYPTO}}}
@string{EUROCRYPT = {Proc. \smcpit{EUROCRYPT}}}

@string{Lecnotes = {Lecture Notes in Computer Science Vol. }}
@string{LNCS = {Lecture Notes in Computer Science Vol. }}
@string{lncs={Lecture Notes in Computer Science}}
@string{Proc = {Proc.\ }}
@string{POT = {Proc.\ }}
@string{iandcomp = {Information and Computation}}
@string{mathcomp = {Mathematics of Computation}}
@string{jcss = {Journal of Computer and System Sciences}}
@string{wep2ps = {Workshop on Economics of Peer-to-Peer Systems}}
@string{USITS = {Proc.\ \smcpit{USENIX} Symposium on Internet
    Technologies and Systems (\smcpit{USITS})}}

@string{ASIAN = {Proc. Asian Computing Science Conference}}

@string{ADSN = {Proc. 4th International Workshop on Assurance in
    Distributed Systems and Networks}}

@string{IETF = "{Internet Engineering Task Force}"}

@string{LS= {Proc. Ottawa Linux Symposium}}

@phdthesis{walfish07defending,
    author = "Michael Walfish",
    title = "Defending Networked Resources Against Floods of 
	Unwelcome Requests",
    school = "Massachusetts Institute of Technology, Cambridge, MA",
    year = 2007,
    month = nov
}

@inproceedings{goldwasser08delegating,
    author = "Shafi Goldwasser and Yael Tauman Kalai and Guy N.
	Rothblum",
    title = "Delegating Computation: Interactive Proofs for Muggles",
    booktitle = STOC,
    year = 2008,
    month = may
}

@inproceedings{gennaro10noninteractive,
	author = "Rosario Gennaro and Craig Gentry and Bryan Parno",
	title = "Non-Interactive Verifiable Computing: Outsourcing Computation to Untrusted Workers",
	booktitle = CRYPTO,
	month = aug,
	year = 2010,
}

@inproceedings{santos10towards,
	author = "Nuno Santos and Krishna P. Gummadi and Rodrigo Rodrigues",
	title = "Towards trusted cloud computing",
	booktitle = HOTCLOUD,
	year = 2009,
	month = jun
}


@misc{geni,
    key = geni,
    title = "Global Environment for Network Innovations",
    howpublished = "\url{http://www.geni.net/}"
}

@misc{nsf_find,
    key = find,
    title = "Future Internet Design",
    howpublished = "\url{http://www.nets-find.net/}"
}

@misc{eu_fire,
    key = fire,
    title = "{FIRE} -- {F}uture {I}nternet {R}esearch \& {E}xperimentation",
    howpublished = "\url{http://cordis.europa.eu/fp7/ict/fire/}"
}

@misc{japan_akari,
    key = akari,
    title = "Architecture for Networks of the Future",
    howpublished = "\url{http://akari-project.nict.go.jp/eng/overview.htm}"
}


@misc{openflow,
    key = openflow,
    title = "The {OpenFlow} Switch Specification",
    howpublished = "\url{http://OpenFlowSwitch.org}"
}

@misc{mint_tr,
    author = "V. Valancius and S. Sundaresan and U. Hassan and N.
	Feamster and R. Johari and V. Vazirani",
    title = "Towards an Internet Connectivity Market",
    year = 2009,
    note = "\url{http://www.cc.gatech.edu/research/reports/GT-CS-09-01.pdf}"
}


@article{openflow_wp,
    author = "Nick McKeown and Tom Anderson and Hari Balakrishnan and
	Guru Parulkar and Larry Peterson and Jennifer Rexford and
	Scott Shenker and Jonathan Turner",
    title = "OpenFlow: Enabling Innovation in Campus Networks (editorial)",
    journal = CCR,
    month = apr,
    year = 2008
}

@misc{netfpga,
    key = netfpga,
    title = "{NetFPGA}: Programmable Networking Hardware",
    howpublished = "\url{http://netfpga.org}"
}

@inproceedings{pathlets,
    author = "P. B. Godfrey and I. Ganichev and S. Shenker and I.  Stoica",
    title = "Pathlet Routing",
    booktitle = SIGCOMM,
    year = 2009,
    month = aug
}

@inproceedings{passport,
    author = "X. Liu and A. Li and X. Yang and D. Wetherall",
    title = "Passport: Secure and Adoptable Source Authentication",
    booktitle = NSDI,
    year = 2008,
    month = apr
}

@inproceedings{kushman:nsdi07,
    author = "N. Kushman and S. Kandula and D. Katabi and B. M. Maggs",
    title = "{R-BGP}: Staying Connected In a Connected World",
    booktitle = NSDI,
    year = 2007,
    month = apr
}

@inproceedings{zeldovich:dstar,
  author = "Nickolai Zeldovich and Silas Boyd-Wickizer and David Mazi{\`e}res",
  title = "Securing Distributed Systems with Information Flow Control",
  booktitle = NSDI,
  year =	 2008,
  month =	apr,
}

@inproceedings{stopit,
    author = "Xin Liu and Xiaowei Yang and Yanbin Lu",
    title = "To Filter or to Authorize: Network-Layer {D}o{S} defense
	against multimillion-node botnets",
    booktitle = SIGCOMM,
    year = 2008,
    month = aug
}

@inproceedings{mao:sigcomm03,
    author = "Z. M. Mao and J. Rexford and J. Wang and R. H. Katz",
    title = "Towards an Accurate {AS}-Level Traceroute Tool",
    booktitle = SIGCOMM,
    year = 2003,
    month = aug
}

@inproceedings{dixon08phalanx,
    author = "C. Dixon and T. Anderson and A. Krishnamurthy",
    title = "Phalanx: Withstanding Multimillion-node Botnets",
    booktitle = NSDI,
    year = 2008,
    month = apr
}

@inproceedings{highlysecurerouting,
    author = "I. Avramopoulos and H. Kobayashi and R. Wang and A.  Krishnamurthy",
    title = "Highly Secure and Efficient Routing",
    booktitle = INFOCOM,
    year = 2004,
    month = mar
}

@inproceedings{highlysecurerouting_amend,
    author = "I. Avramopoulos and H. Kobayashi and R. Wang and A.  Krishnamurthy",
    title = "Amendment to: Highly Secure and Efficient Routing",
    year = 2004,
    month = feb,
    note = "\url{http://www.cs.washington.edu/homes/arvind/papers/amendment.pdf}"
}

@inproceedings{fatih,
    author = "A. T. Mizrak and Yu-Chung Cheng and K. Marzullo and S.
	Savage",
    title = "Fatih: Detecting and Isolating Malicious Routers",
    booktitle = DSN,
    year = 2005,
    month = jun
}

@inproceedings{yang:sigcomm06,
    author = "Xiaowei Yang and David Wetherall",
    title = "Source Selectable Path Diversity via Routing Deflections",
    booktitle = SIGCOMM,
    year = 2006,
    month = sep
}

@inproceedings{gummadi:osdi04,
    author = "Krishna P. Gummadi and Harsha V. Madhyastha and Steven D.
	Gribble and Henry M. Levy and David Wetherall",
    title = "Improving the Reliability of {Internet} Paths with One-hop
	Source Routing",
    booktitle = OSDI,
    year = 2004,
    month = dec
}


@InProceedings{zeldovich06making,
  author = 	 "Nickolai Zeldovich and Silas Boyd-Wickizer
                  and Eddie Kohler and David Mazi{\`e}res",
  title = 	 "Making Information Flow Explicit in {HiStar}",
  booktitle = OSDI,	 
  year =	 2006,
  month = nov
}

@inproceedings{argyraki:hotnets05,
    author = "Katerina Argyraki and David R. Cheriton",
    title = "Network Capabilities: The Good, the Bad and the Ugly",
    booktitle = HOTNETS,
    year = 2005,
    month = nov
}

@inproceedings{rcp,
  author = "Matthew Caesar and Donald Caldwell and Nick Feamster and Jennifer Rexford
            and Aman Shaikh and Jacobus van der Merwe",
  title = "Design and Implementation of a Routing Control Platform",
  booktitle = NSDI,
  year = 2005,
  month = may
}

@inproceedings{rcp_hotnets,
    author = "N. Feamster and H. Balakrishnan and J. Rexford and A. Shaikh and J.
	van der Merwe",
    title = "The Case for Separating Routing from Routers",
    booktitle = HOTNETS,
    year = 2004,
    month = aug
}

@inproceedings{mayday,
    author = "D. G. Andersen",
    title = "Distributed filtering for {I}nternet services",
    booktitle = USITS,
    year = 2003,
    month = mar
}

@inproceedings{sos,
	author="A. D. Keromytis and V. Misra and D. Rubenstein",
	title="{SOS}: Secure overlay services",
	booktitle = SIGCOMM,
	year=2002,
	month = aug
}

@inproceedings{4d_1,
    author = "Hong Yan and David A. Maltz and T. S. Eugene Ng and Hemant
	Gogineni and Hui Zhang and Zheng Cai",
    title = "Tesseract: A {4D} Network Control Plane",
    booktitle = NSDI,
    year = 2007,
    month = apr
}

@article{4d_2,
    author = "Albert Greenberg and Gisli Hjalmtysson and David A. Maltz
	and Andy Myers and Jennifer Rexford and Geoffrey Xie and Hong
	Yan and Jibin Zhan and Hui Zhang",
    title = "A Clean Slate {4D} Approach to Network Control and Management",
    journal = CCR,
    year = 2005,
    month = oct,
    volume = 35,
    number = 5
}

@inproceedings{4d_3, 
    author = "Jennifer Rexford and Albert Greenberg and Gisli
	Hjalmtysson and David A. Maltz and Andy Myers and Geoffrey Xie
	and Jibin Zhan and Hui Zhang",
    title = "Network-Wide Decision Making: Toward A Wafer-Thin Control Plane",
    booktitle = HOTNETS,
    year = 2004,
    month = nov
}


@inproceedings{aip,
    author = "David Andersen and Hari Balakrishnan and Nick Feamster and Teemu Koponen 
	and Daekyeong Moon and Scott Shenker",
    title = "Accountable {I}nternet Protocol",
    booktitle = SIGCOMM,
    year = 2008,
    month = aug
}

@InProceedings{casado:sane,
  author = 	 {Martin Casado and Tal Garfinkel and Aditya Akella
                  and Michael J. Freedman and Dan Boneh
                  and Nick McKeown and Scott Shenker},
  title = 	 {{SANE}: A Protection Architecture for Enterprise Networks},
  booktitle =	 SECURITY,
  year =	 2006,
  month = aug
}

@inproceedings{ethane,
    title = "Ethane: Taking Control of the Enterprise",
    author = "Martin Casado and Michael Freedman and Justin Pettit and
	Jianying Luo and Nick McKeown and Scott Shenker",
    booktitle = SIGCOMM,
    month = aug,
    year = 2007
}

@inproceedings{tva,
    author="X. Yang and D. Wetherall and T. Anderson",
    title="A {D}o{S}-limiting Network Architecture",
    booktitle=SIGCOMM,
    year=2005,
    month=aug
}

@inproceedings{siff,
  author = "A. Yaar and A. Perrig and D. Song",
  title = "{SIFF}: A Stateless {I}nternet Flow Filter to Mitigate {DD}o{S} Flooding Attacks",
  booktitle=OAKLAND,
  year=2004,
  month=may
}

@inproceedings{dona,
    author = "Teemu Koponen and Mohit Chawla and Byung-Gon Chun and Andrey
	Ermolinskiy and Kye Hyun Kim and Scott Shenker and Ion Stoica",
    title = "A data-oriented (and beyond) network architecture",
    booktitle = SIGCOMM,
    year = 2007,
    month = aug
}

@inproceedings{rofl,
    author = "Matthew Caesar and Tyson Condie and Jayanthkumar Kannan
	and Karthik Lakshminarayanan and Ion Stoica and Scott Shenker",
    title = "{ROFL}: Routing on Flat Labels",
    booktitle = SIGCOMM,
    year = 2006,
    month = sep
}

@misc{anr_find,
    author = "Scott Shenker and Ion Stoica",
    title = "{FIND} Proposal. {A} New Approach to Internet Naming and Name Resolution",
    note = "\url{http://www.nets-find.net/Funded/NameArchitecture.php}"
}

@misc{ethane_find,
    author = "Dan Boneh and David Mazi{\`e}res and Mendel Rosenblum and
	Aditya Akella and Nick McKeown",
    title = "Designing Secure Networks from the Ground-Up",
    note = "\url{http://www.nets-find.net/Funded/DesigningSecure.php}"
}

@inproceedings{ifoo,
	author="Ion Stoica and Daniel Adkins and Shelley Zhuang and Scott Shenker and Sonesh Surana",
	title="Internet Indirection Infrastructure",
	booktitle = SIGCOMM,
	year=2002,
	month = aug
}

@inproceedings{francis:sipp,
    author = "Paul Francis and Ramesh Govindan",
    title = "Flexible routing and addressing for a next generation {IP}",
    booktitle = SIGCOMM,
    year = 1994,
    month = sep
}

@misc{pomo_find,
    author = "Bobby Bhattacharjee and Ken Calvert and Jim Griffioen and Neil
	Spring and James Sterbenz",
    title = "{FIND} Proposal. {P}ostmodern Internetwork Architecture",
    note = "\url{http://www.nets-find.net/Funded/PostModern.php}"
}

@misc{nira_find,
    author = "Xiaowei Yang",
    title = "{FIND} Proposal. {A}n {I}nternet Architecture for User-Controlled Routes",
    note = "\url{http://www.nets-find.net/Funded/InternetArchitecture.php}"
}

@inproceedings{pomo_broadnets,
    author = "K. Calvert and J. Griffioen and L. Poutievski",
    title = "Separating Routing and Forwarding: A Clean-Slate Network
	Layer Design",
    booktitle = "Proc. IEEE Broadnets",
    month = sep,
    year = 2007
}

@inproceedings{noasync,
    author = "Marcos K. Aguilera and Michael Walfish",
    title = "No Time for Asynchrony",
    booktitle = HOTOS,
    year = 2009,
    month = may,
    note = "\url{http://www.usenix.org/events/hotos09/tech/full\_papers/aguilera/aguilera.pdf}"
}

@inproceedings{w5,
    author = "Maxwell Krohn and Alexander Yip and Micah Brodsky and
	Robert Morris and Michael Walfish",
    title = "A World Wide Web Without Walls",
    booktitle = HOTNETS,
    year = 2007,
    month = nov,
    note =
	"\url{http://conferences.sigcomm.org/hotnets/2007/papers/hotnets6-final91.pdf}"
}

@inproceedings{dqe,
    author = "Michael Walfish and {J.D. Zamfirescu} and Hari
	Balakrishnan and David Karger and Scott Shenker",
    title = "Distributed Quota Enforcement for Spam Control",
    booktitle = NSDI,
    year = 2006,
    month = may,
    note = "\url{http://www.usenix.org/events/nsdi06/tech/walfish.html}"
}


@inproceedings{speakup,
    author = "Michael Walfish and Mythili Vutukuru and Hari Balakrishnan
	and David
	Karger and Scott Shenker",
    title = "{DDoS} Defense by Offense",
    booktitle = SIGCOMM,
    year = 2006,
    month = sep,
    pages = {303--314}
}

@inproceedings{net-work:hotnets,
  author = "M. Walfish and H. Balakrishnan and D. Karger and S. Shenker",
  title = "{DoS}: Fighting Fire with Fire",
  booktitle = HOTNETS,
  month = nov,
  year = 2005,
  note = "\url{http://conferences.sigcomm.org/hotnets/2005/papers/walfish.pdf}"
}

@inproceedings{ballani:off,
    author = "Hitesh Ballani and Yatin Chawathe and Sylvia Ratnasamy and Timothy Roscoe and Scott Shenker",
    title = "Off by Default!",
    booktitle = HOTNETS,
    year = 2005,
    month = nov
}


@inproceedings{doa,
    author = "Michael Walfish and Jeremy Stribling and Maxwell Krohn and
	Hari Balakrishnan and Robert Morris and Scott Shenker",
    title = "Middleboxes No Longer Considered Harmful",
    booktitle = OSDI,
    year = 2004,
    month = dec,
    note = "\url{http://www.usenix.org/events/osdi04/tech/walfish.html}"
}

@misc{subnet_stealing,
      author = "Edward Falk",
      title = "New host cloaking technique used by spammers",
      month = feb,
      year = 2006,
      note = "\url{http://thespamdiaries.blogspot.com/2006/02/new-host-cloaking-technique-used-by.html}"
}

@misc{prefix_hijacking,
      author = "Peter Boothe and James Hiebert and Randy Bush",
      title = "Short-Lived Prefix Hijacking on the {I}nternet",
      note = "Presentation to NANOG. \url{http://www.nanog.org/mtg-0602/pdf/boothe.pdf}",
      month = feb,
      year = 2006
}

@article{phatbot_zombie_trade,
      key = "Register Phatbot",
      author = "{\em The Register}",
      title = "Phatbot arrest throws open trade in zombie {PC}s",
      year = 2004,
      month = may,
      note = "\url{http://www.theregister.co.uk/2004/05/12/phatbot_zombie_trade}"
} 

@misc{botnets_cert,
    author = "Nicholas Ianelli and Aaron Hackworth",
    title = "Botnets as a Vehicle for Online Crime",
    howpublished = "{CERT} Coordination Center",
    month = dec,
    year = 2005,
    note = "\url{http://www.cert.org/archive/pdf/Botnets.pdf}"
}

@inproceedings{botnets_vinod,
    author = "Paul Barford and Vinod Yegneswaran",
    title = "An Inside Look at Botnets",
    booktitle = "Special Workshop on Malware Detection, Advances in
	Information Security, Springer Verlag",
    year = 2006,
    note = "\url{http://pages.cs.wisc.edu/~pb/botnets_final.pdf}"
}

@article{miscreant_economy,
    author = "Rob Thomas and Jerry Martin",
    title = "The Underground Economy: Priceless",
    journal = "{;login:}",
    publisher = "The USENIX Association",
    month = dec,
    year = 2006,
    number = 6,
    volume = 31,
    note = "\url{http://www.usenix.org/publications/login/2006-12/openpdfs/cymru.pdf}"
}

@article{markoff_07,
    author = "John Markoff",
    title = "Attack of the Zombie Computers is Growing Threat",
    journal = "The New York Times",
    month = jan,
    year = 2007,
    note = "\url{http://www.nytimes.com/2007/01/07/technology/07net.html}"
}

@inproceedings{freiling_holz,
    author = "Felix C. Freiling and Thorsten Holz and Georg Wicherski",
    title = "Botnet Tracking: Exploring a Root-Cause Methodology to Prevent Distributed Denial-of-Service Attacks",
    booktitle = "Proc.\ European Symposium on Research in Computer
	Security (\smcpit{ESORICS})",
    month = sep,
    year = 2005
}

@misc{dec_spam,
      author = "Brad Templeton",
      title = "Reaction to the {DEC} Spam of 1978",
      note = "\url{http://www.templetons.com/brad/spamreact.html}"
}

@misc{templeton_spam_history,
      author = "Brad Templeton",
      title = {Origin of the term ``spam'' to mean net abuse},
      note = "\url{http://www.templetons.com/brad/spamterm.html}"
}

@article{spam_cacm_1,
    author = "Lorrie Faith Cranor and Brian A. LaMacchia",
    title = "Spam!",
    journal = CACM,
    month = aug,
    year = 1998,
    volume = 41,
    number = 8
}

@article{spam_cacm_2,
    author = "Joshua Goodman and Gordon V. Cormack and David Heckerman",
    title = "Spam and the Ongoing Battle for the Inbox",
    journal = CACM,
    month = feb,
    year = 2007,
    volume = 50,
    number = 2
}

@misc{lyon_conversation,
    key = "Lyon",
    author = "{Barrett Lyon}",
    title = "Private Conversation", 
    year = 2006,
    month = aug
}

@inproceedings{Rajab:Hotbots07,
    author = "Moheeb Abu Rajab and Jay Zarfoss and Fabian Monrose and Andreas Terzis",
    title = "My Botnet is Bigger than Yours (Maybe, Better than Yours):
	why size estimates remain challenging",
    booktitle = "Proc.\ 1st \smcpit{USENIX} Workshop on Hot Topics in
	Understanding Botnets (HotBots)",
    year = 2007,
    month = apr,
    note = "\url{http://www.usenix.org/events/hotbots07/tech/full_papers/rajab/rajab.pdf}"
}

@inproceedings{Rajab:IMC06,
    author = "Moheeb Abu Rajab and Jay Zarfoss and Fabian Monrose and Andreas Terzis",
    title = "A Multifaceted Approach to Understanding the Botnet Phenomenon",
    booktitle = IMC,
    year = 2006,
    month = oct
}

@misc{shadowserver,
    author = "{Shadowserver Foundation}",
    title = "Private Communication",
    year = 2007,
    month = jan,
    note = "\url{http://www.shadowserver.org}"
}

@misc{shadowserver_web,
    author = "{Shadowserver Foundation}",
    title = "Bot Counts",
    note = "\url{http://www.shadowserver.org/wiki/pmwiki.php?n=Stats.BotCounts}"
}

@misc{slim_down,
      author = "{CNET News}",
      title = "Bots slim down to get tough",
      year = 2005,
      month = nov,
      note = "\url{http://news.com.com/Bots+slim+down+to+get+tough/2100-7355_3-5956143.html}"
}

@misc{eweek,
      author = "{eWEEK}",
      title = "Money Bots: Hackers Cash In on Hijacked {PC}s",
      year = 2006,
      month = sep,
      note = "\url{http://www.eweek.com/article2/0,1895,2013957,00.asp}"
}

@misc{arbor_survey,
    author = "Danny McPherson and Craig Labovitz",
    title = "Worldwide Infrastructure Security Report, Volume {II}",
    howpublished = "Arbor Networks, Inc.",
    year = 2006,
    month = sep,
    note = "\url{http://www.arbor.net/downloads/worldwide_infrastructure_security_report_sept06.pdf}"
}

@article{londontimes_botnet,
    author = "David Brown",
    title = "Gangsters hijack home {PC}s to choke internet with spam",
    journal = "The Times",
    month = nov,
    year = 2006,
    note = "\url{http://business.timesonline.co.uk/tol/business/law/public_law/article649541.ece}"
}

@inproceedings{Dagon:NDSS06,
    author = "David Dagon and Cliff Zou and Wenke Lee",
    title = "Modeling Botnet Propagation Using Time Zones",
    booktitle = NDSS,
    month = feb,
    year = 2006
}

@inproceedings{Cooke:SRUTI05,
    author = "Evan Cooke and Farnam Jahanian and Danny McPherson",
    title = "The Zombie Roundup: Understanding, Detecting and Disrupting
	Botnets",
    month = jul,
    year = 2005,
    booktitle = SRUTI
}

@misc{wiki_trafstats,
      author = "Leon Weber",
      title = "Wikimedia Traffic Statistics",
      note = "\url{http://tools.wikimedia.de/~leon/stats/trafstats}"
}

@misc{wiki_reqstats,
      author = "Leon Weber",
      title = "Wikimedia Request Statistics",
      note = "\url{http://tools.wikimedia.de/~leon/stats/reqstats}"
}

@misc{counterpane,
      author = "{BT Counterpane}",
      title = "{DDoS} Prevention Offerings",
      note = "\url{http://www.counterpane.com/ddos-offerings.html}"
}

@inproceedings{sybil,
    author = "John Douceur",
    title = "The Sybil Attack",
    booktitle = IPTPS,
    year = 2002,
    month = mar
}

@misc{karger_sybil,
    author = "David Karger",
    title = "Private Communication", 
    year = 2007,
    month = apr
}

@inproceedings{dean_stubblefield,
    author = "Drew Dean and Adam Stubblefield",
    title = "Using Client Puzzles to Protect {TLS}",
    booktitle = SECURITY,
    year = 2001,
    month = aug
}

@inproceedings{handley_steps,
    author = "Mark Handley and Adam Greenhalgh",
    title = "Steps towards a {DoS}-Resistant {I}nternet Architecture",
    booktitle = FDNA,
    year = 2004,
    month = aug
}

@inproceedings{zmail,
    author = "Benjamin J. Kuipers and Alex X. Liu and Aashin Gautam and 
	Mohamed G. Gouda",
    title = "Zmail: Zero-sum free market control of spam",
    year = 2005,
    month = jun,
    booktitle = ADSN
}

@article{loder,
    author = "Theodore Loder and Marshall Van Alstyne and Rick Wash",
    title = "An Economic Response to Unsolicited Communication",
    journal = "Advances in Economic Analysis \& Policy",
    volume = 6,
    number = 1,
    year = 2006,
    month = mar,
    note = "\url{http://www.bepress.com/bejeap/advances/vol6/iss1/art2}"
}

@article{fair_queuing,
    author = "Alan Demers and Srinivasan Keshav and Scott Shenker",
    title = "Analysis and simulation of a fair queuing algorithm",
    journal = CCR,
    year = 1995,
    number = 1,
    volume = 25,
    month = jan
}

@misc{fussp,
    key = "fussp",
    title = "You Might Be an Anti-Spam Kook If...",
    howpublished = "\url{http://www.rhyolite.com/anti-spam/you-might-be.html}"
}

@misc{grimm,
    author = "James Grimmelmann and Becky Bolin",
    title = "Policy Responses to Spam",
    howpublished = "\url{http://works.bepress.com/james_grimmelmann/11/}",
    month = mar,
    year = 2005
}

@inproceedings{BR96,
    author = "Mihir Bellare and Phillip Rogaway",
    title = "The Exact Security of Digital Signatures---How to Sign with
    {RSA} and {R}abin",
    booktitle = EUROCRYPT,
    year = 1996,
    month = may
}

@inproceedings{Cor00,
    author = "Jean-S{\'e}bastien Coron",
    title = "On the Exact Security of Full Domain Hash",
    booktitle = CRYPTO,
    year = 2000,
    month = aug
}

@misc{templeton_spam_pages,
    author = "Brad Templeton",
    title = "The Spam Solutions",
    year = 2003,
    howpublished = "\url{http://www.templetons.com/brad/spam/spamsol.html}"
}

@misc{messagelabs,
    author = "{MessageLabs Ltd.}",
    title = "Message{L}abs Intelligence: {J}anuary 2007",
    howpublished = "\url{http://www.messagelabs.com/mlireport/messagelabs_intelligence_report__january_2007_5.pdf}"
}

@misc{maawg,
    author = "{Messaging Anti-Abuse Working Group (\textsc{maawg})}",
    title = "Email Metrics Program, First Quarter 2007 Report",
    month = jun,
    year = 2007,
    howpublished = "\url{http://www.maawg.org/about/MAAWG20071Q_Metrics_Report.pdf}"
}

@article{nytimes_morespam,
    author = "Brad Stone",
    title = "Spam Doubles, Finding New Ways to Deliver Itself",
    journal = "The New York Times",
    month = dec,
    year = 2006,
    note = "\url{http://www.nytimes.com/2006/12/06/technology/06spam.html}"
}

@misc{zittrain,
    author = "Laura Frieder and Johnathan Zittrain",
    title = "Spam Works: Evidence from Stock Touts and Corresponding
	Market Activity",
    howpublished = "Berkman Center Research Publication No. 2006-11",
    month = mar,
    year = 2007,
    note = "\url{http://ssrn.com/abstract=920553}"
}

@misc{spammers_respond,
    author = "Miles Libbey",
    title = "Learning from 2003: Spamming Trends and Key Insights",
    howpublished = "{MIT} Spam Conference. Reported by~\cite{loder}",
    year = 2004,
    month = jan
}

@misc{mazieres,
    key = "Mazieres",
    title = "{David Mazi{\`e}res}"
}

@article{mailavenger,
    author = "David Mazi{\`e}res",
    title = "Blocking unwanted mail with {M}ail {A}venger",
    journal = "Virus Bulletin",
    month = jul,
    year = 2005,
    note = "See \url{http://www.mailavenger.org} or \url{http://www.scs.stanford.edu/~dm/home/papers/mazieres:avenger-virusbtn.pdf}"
}

@inproceedings{millicent,
    author = "Steve Glassman and Mark Manasse and Mart{\'i}n Abadi and
	Paul Gauthier and Patrick Sobalvarro",
    title = "The {M}illicent Protocol for Inexpensive Electronic
	Commerce",
    year = 1995,
    month = dec,
    booktitle = WWW,
    note = "\url{http://www.w3.org/Conferences/WWW4/Papers/246}"
}

@inproceedings{micromint,
    author = "Ronald L. Rivest and Adi Shamir",
    title = "Pay{W}ord and {M}icro{M}int: Two Simple Micropayment
	Schemes",
    booktitle = SPW,
    year = 1996,
    month = apr
}

@inproceedings{ecash,
    author = "Jan Camenisch and Susan Hohenberger and Anna Lysyanskaya",
    title = "Compact {E}-{C}ash",
    booktitle = EUROCRYPT,
    year = 2005,
    month = may
}

@misc{sfrtalk,
    author = "M. Walfish",
    title = {Conference talk for ``{U}ntangling the {W}eb from {DNS}", by
	{M.} {W}alfish, {H.} {B}alakrishnan, and {S.} {S}henker},
    howpublished = NSDI,
    year = 2004,
    month = mar
}

@misc{jjtalk,
    author = "John Jannotti",
    title = "Private Communication",
    month = jul,
    year = 2007
}

@inproceedings{coral,
    author = "Michael J. Freedman and Eric Freudenthal and David Mazi{\`e}res",
    title = "Democratizing Content Publication with {C}oral",
    booktitle = NSDI,
    year = 2004,
    month = mar
}

@misc{aws,
     key = "Amazon",
     title = "Amazon {W}eb {S}ervices",
     note = "\url{http://aws.amazon.com}"
}

@misc{alexa,
    author = "{Alexa Internet, Inc.}",
    note = "\url{http://www.alexa.com}"
}

@misc{total_pcs,
    author = "{Computer Industry Almanac, Inc.}",
    title = "{PC}s In-Use Surpassed 900{M} in 2005",
    year = 2006,
    month = may,
    note = "\url{http://www.c-i-a.com/pr0506.htm}"
}

@article{total_bots,
    author = "{\em Network World}",
    title = "How big is the botnet problem?",
    year = 2007,
    month = jul,
    note = "\url{http://www.networkworld.com/research/2007/070607-botnets-side.html}"
}

@misc{sekar_comm,
    author = "Vyas Sekar",
    title = "Private Communication",
    year = 2007,
    month = sep
}


@inproceedings{p2p_ecash,
    author = "Mira Belenkiy and Melissa Chase and C. Chris Erway and
	John Jannotti and Alptekin K{\"u}p\c{c}{\"u} and Anna Lysyanskaya
	and Eric Rachlin",
    title = "Making {P2P} Accountable without Losing Privacy",
    booktitle = WPES,
    month = oct,
    year = 2007
}

@misc{tcp_syn_cookies,
    author = "Daniel J. Bernstein",
    title = "{SYN} Cookies",
    note = "\url{http://cr.yp.to/syncookies.html}"
}  

@manual{rfc792,
    author = "Postel, J.",
    title = "{Internet Control Message Protocol}",
    organization = "\textsc{rfc} 792, " # IETF,
    year = 1981, 
    month = sep,
    note = "\url{http://www.faqs.org/rfcs/rfc792.html}"
} 

@inbook{knuth_reservoir_sampling,
    author = "Donald E. Knuth",
    title = {The Art of Computer Programming},
    edition = "Third",
    publisher = "Addison-Wesley",
    year = 1998,
    chapter = "3.4.2",
    volume = 2
}

@article{vitter_reservoir,
    author = "Jeffrey Scott Vitter",
    title = "Random Sampling with a Reservoir",
    journal = "\smcpit{ACM} Transactions on Mathematical Software",
    volume = 11,
    number = 1,
    month = mar,
    year = 1985,
}

@article{angluin_valiant,
    author = "Dana Angluin and Leslie Valiant",
    title = "Fast probabilistic algorithms for {H}amiltonian circuits and
	matchings",
    journal = "Journal of Computer and System Sciences",
    year = 1979,
    number = 19
}

@inbook{motwani,
    author = "Rajeev Motwani and Prabhakar Raghavan",
    title = {Randomized Algorithms},
    publisher = "Cambridge University Press",
    year = 1995,
}

@article{small_is_in,
    author = "{\em Information Week}",
    title = "Botnets: Small is In",
    month = oct,
    year = 2007
}

@inproceedings{randomoracle,
    author = "Mihir Bellare and Phillip Rogaway",
    title = " Random Oracles are Practical: A Paradigm for Designing
	Efficient Protocols",
    year = 1993,
    booktitle = CCS,
    month = nov
}

@InProceedings{freedman:oasis,
  author = 	 {Michael J. Freedman and Karthik Laskhminarayanan
                  and David Mazi{\`e}res},
  title = 	 {{OASIS}: Anycast for Any Service},
  booktitle =	 NSDI,
  year =	 2006,
  month =	 may
}

@InProceedings{muthitacharoen:lbfs,
  author = 	 {Athicha Muthitacharoen and Benjie Chen
                  and David Mazi{\`e}res},
  title = 	 {A Low-bandwidth Network File System},
  booktitle =	 SOSP,
  year = 2001,
  month = oct
}


@InProceedings{freedman:coral,
  author = 	 {Michael J. Freedman and Eric Freudenthal
                  and David Mazi{\`e}res},
  title = 	 {Democratizing Content Publication with {Coral}},
  booktitle =	 NSDI,
  year =	 2004,
  month =	 mar,
}

@Article{vandebogart07labels,
  author = 	 {Steve VanDeBogart and Petros Efstathopoulos and Eddie Kohler
                  and Maxwell Krohn and Cliff Frey and David Ziegler
                  and Frans Kaashoek and Robert Morris and David Mazi{\`e}res},
  title = 	 {Labels and Event Processes in the {A}sbestos
                  Operating System},
  journal = 	 TOCS,
  year = 	 2007,
  volume =	 25,
  number =	 4,
  pages =	 {11:1--43},
  month =	 dec,
  note = 	 {A version appeared in \em Proceedings of the 20th ACM
                  Symposium on Operating System Principles\em, 2005}
}

@InProceedings{krohn07information,
  author = 	 {Maxwell Krohn and Alexander Yip and Micah Brodsky
                  and Natan Cliffer and M. Frans Kaashoek
                  and Eddie Kohler and Robert Morris},
  title = 	 {Information Flow Control for Standard OS Abstractions},
  booktitle =	 SOSP,
  year =	 2007,
  month =	 oct
}


@inproceedings{xcp,
    author = "Dina Katabi and Mark Handley and Chalrie Rohrs",
    title = "Congestion Control for High Bandwidth-Delay Product
	Networks",
    booktitle = SIGCOMM,
    year = 2002,
    month = aug
}

@article{rcp_cc,
    author = "Nandita Dukkipati and Nick McKeown",
    title = "Why Flow-Completion Time is the Right Metric for Congestion
	Control",
    journal = CCR,
    number = 1,
    volume = 36,
    month = jan,
    year  = 2006
}

@inproceedings{texcp,
    author = "Srikanth Kandula and Dina Katabi and Bruce Davie and Anna
	Charny",
    title = "Walking the Tightrope: Responsive Yet Stable Traffic
	Engineering",
    year = 2005,
    booktitle = SIGCOMM,
    month = aug
}

@article{kohler:click,
  title = {The {C}lick modular router}, 
  author = {Eddie Kohler and Robert Morris and Benjie Chen and John Jannotti and
 M. Frans Kaashoek}, 
  journal = TOCS,
  volume = 18, 
  number = 4, 
  year = 2000, 
  month = nov,
  pages = "263--297"
}

@article{ddos_survey:ccr,
 author = "J. Mirkovic and P. Reiher",
 title = "A Taxonomy of {DD}o{S} Attacks and {DD}o{S} Defense Mechanisms",
 journal = CCR,
 number = 2,
 volume = 34,
 month = apr,
 year = 2004
}

@article{ratul_pushback,
      author = "R. Mahajan and Steven M. Bellovin and Sally Floyd and
	  John Ioannidis and Vern Paxson and Scott Shenker",
      title = "Controlling High Bandwidth Aggregates in the Network",
      journal = CCR,
      month = jul,
      year = 2002,
      volume = 32,
      number = 3
}

@inproceedings{ioannidis_pushback,
    author = "J. Ioannidis and S. M. Bellovin",
    title = "Implementing Pushback: Router-Based Defense Against {DD}o{S} Attacks",
    booktitle = NDSS,
    year = 2002
}

@article{savage_traceback,
   author = "S. Savage and D. Wetherall and A. Karlin and T. Anderson",
   title = "Network Support for {IP} Traceback",
   journal = TON,
   year = 2001,
   month = jun,
   volume = 9,
   number = 3
}

@inproceedings{perrig_pi,
  author = "A. Yaar and A. Perrig and D. Song",
  title = "Pi: A Path Identification Mechanism to Defend Against {DD}o{S} Attacks",
  booktitle=OAKLAND,
  year=2003,
  month=may
}

@article{bogon,
    author = "N. Feamster and J. Jung and H. Balakrishnan",
    title = "An Empirical Study of ``Bogon'' Route Advertisements",
    journal = CCR,
    volume = 35,
    number = 1,
    month = jan,
    year = 2005
}

@inproceedings{Ranjan:INFOCOM06,
    author = "Supranamaya Ranjan and Ram Swaminathan and Mustafa Uysal and Edward W. Knightly",
    title = "{DDoS}-Resilient Scheduling to Counter Application Layer Attacks under Imperfect Detection",
    booktitle = INFOCOM,
    month = apr,
    year = 2006
}

@inproceedings{Srivatsa:Middleware06,
    author = "Mudhakar Srivatsa and Arun Iyengar and Jian Yin and Ling
	Liu",
    title = "A Middleware System for Protecting Against Application
	Level Denial of Service Attacks",
    booktitle = MIDDLEWARE,
    month = nov,
    year = 2006
}

@inproceedings{Stavrou:ACNS04,
    author = "Angelos Stavrou and John Ioannidis and Angelos D.
	Keromytis and Vishal Misra and Dan Rubenstein",
    title = "A Pay-per-Use {DoS} Protection Mechanism for the {W}eb",
    booktitle = ACNS,
    year = 2004,
    month = jun
}


@inproceedings{portcullis,
    author = "Bryan Parno and Dan Wendlandt and Elaine Shi and Adrian
	Perrig and Bruce Maggs and Yih-Chun Hu",
    title = "Portcullis: Protecting Connection Setup from Denial-of-Capability Attacks",
    booktitle = SIGCOMM,
    year = 2007,
    month = aug
}

@inproceedings{dfence,
    author = "Ajay Mahimkar and Jasraj Dange and Vitaly Shmatikov and Harrick Vin and Yin Zhang",
    title = "{dFence}: Transparent Network-based Denial of Service Mitigation",
    booktitle = NSDI,
    month = apr,
    year = 2007
}

@inproceedings{Feng:FDNA03,
    author = "W. Feng",
    title = "The Case for {TCP/IP} Puzzles",
    booktitle = FDNA,
    year = 2003,
    month = aug
}

@article{wang_reiter_journal,
    author = "XiaoFeng Wang and Michael K. Reiter",
    title = "A multi-layer framework for puzzle-based denial-of-service
	defense",
    journal = "International Journal of Information Security",
    publisher = "Springer Verlag / Heidelberg",
    year = 2007,
    note = "Forthcoming and published online, \url{http://dx.doi.org/10.1007/s10207-007-0042-x}"
}


@inproceedings{Waters:CCS04,
    author = "Brent Waters and Ari Juels and J. Alex Halderman and Edward W. Felten",
    title = "New Client Puzzle Outsourcing Techniques for {DoS} Resistance", 
    booktitle = CCS,
    year = 2004,
    month = oct
}

@inproceedings{sherr:npsec05,
    author = "M. Sherr and M. Greenwald and C. A. Gunter and S. Khanna and S. S. Venkatesh", 
    title = "Mitigating {DoS} Attack Through Selective Bin Verification",
    booktitle = "Proc.\ 1st Workshop on Secure Network Protocols",
    year = 2005,
    month = nov
}

@inproceedings{gunter:ndss04,
    author = "C. A. Gunter and S. Khanna and K. Tan and S. Venkatesth",
    title = "{DoS} Protection for Reliably Authenticated Broadcast",
    booktitle = NDSS,
    year = 2004
}

@inproceedings{fsnet-spam-analysis,
  author = "A. Ramachandran and N. Feamster",
  title = "Understanding the Network-Level Behavior of Spammers",
  booktitle = SIGCOMM,
  month = sep,
  year = 2006
}

@misc{cyberslam-complaint,
  key = "cyberslam",
  title = "{Criminal complaint filed Aug. 25, 2004, United States v.
      Ashley et al., No. 04 \textsc{mj} 02112 (Central District of California)}",
  note = "\url{http://www.reverse.net/operationcyberslam.pdf}"
}

@article{extortion1,
    author = "{\em The Register}",
    title = "East {E}uropean gangs in online protection racket",
    year = 2003,
    month = nov,
    note = "\url{http://www.theregister.co.uk/2003/11/12/east_european_gangs_in_online}"
}

@article{extortion2,
    author = "{\em Network World}",
    title = "Extortion via {DDoS} on the rise",
    year = 2005,
    month = may,
    note = "\url{http://www.networkworld.com/news/2005/051605-ddos-extortion.html}"
}

@article{dutch_botnet,
    author = "{TechWeb News}",
    title = "Dutch Botnet Bigger Than Expected",
    year = 2005,
    month = oct,
    note = "\url{http://informationweek.com/story/showArticle.jhtml?articleID=172303265}"
}

@article{security_focus,
    author = "SecurityFocus",
    title = "{FBI} busts alleged {DDoS} Mafia", 
    year = 2004,
    month = aug,
    note = "\url{http://www.securityfocus.com/news/9411}"
}

@article{no_chex,
    author = "W. Sturgeon",
    title = "Denial of service attack victim speaks out",
    year = 2005,
    month = may,
    note = "\url{http://management.silicon.com/smedirector/0,39024679,39130810,00.htm}"
}

@misc{blue_square,
    author = "Daniel Thomas",
    title = "Deterrence must be the key to avoiding {DDoS} attacks",
    year = 2005,
    month = jun,
    note = "\url{http://www.vnunet.com/computing/analysis/2137395/deterrence-key-avoiding-ddos-attacks}"
}

@inproceedings{sekar_lads,
    author = "V. Sekar and N. Duffield and O. Spatscheck and Jacobus van der Merwe and Hui Zhang",
    title = "{LADS}: Large-scale Automated {DDoS} detection System",
    booktitle = USENIX,
    year = 2006,
    month = jun,
}

@article{newyorker,
  author="Evan Ratliff",
  title = "The Zombie Hunters",
  journal  = "The New Yorker",
  month = {Oct. 10,},
  year = 2005,
}

@misc{handley_ppt,
   author = "Mark Handley",
   title = "In a presentation to {I}nternet
       Architecture Working Group, {DoS}-resistant {I}nternet Subgroup",
   year = 2005
}

@article{botnet_tracking,
    author = "{Honeynet Project and Research Alliance}",
    title = "Know your Enemy: Tracking Botnets",
    year = 2005,
    month = mar,
    note = "\url{http://www.honeynet.org/papers/bots/}"
}

@article{ieee_dist_sys_online,
    author = "Laurianne McLaughlin",
    title = "Bot Software Spreads, Causes New Worries",
    journal = "\smcpit{IEEE} Distributed Systems Online",
    year = 2004,
    month = jun,
    volume = 5,
    number = 6,
    note = "\url{http://csdl2.computer.org/comp/mags/ds/2004/06/o6001.pdf}"
}

@inproceedings{zhao:nspw08,
    author = "H. Zhao and C.-K. Chau and S. M. Bellovin",
    title = "{ROFL}: Routing as the firewall layer",
    booktitle = "New Security Paradigms Workshop (NSPW)",
    month = sep,
    year = 2008
}

@misc{emulab,
  key = "emulab",
  title = "Emulab",
  note = "\url{http://www.emulab.net}"
}

@phdthesis{feamster:phd,
    author = "N. Feamster",
    title = "Proactive Techniques for Correct and Predictable {I}nternet
	Routing",
    year = 2005,
    month = sep,
    school = "Massachusetts Institute of Technology, Cambridge, MA",
}

@phdthesis{perlman_phd,
    author = "R. Perlman",
    title = "Network layer protocols with {B}yzantine robustness",
    year = 1988,
    school = "Massachusetts Institute of Technology, Cambridge, MA",
}

@misc{first_bytes,
    key = "First bytes",
    title = "{First Bytes} Outreach Program For Women, {Department of Computer Science,
    The University of Texas at Austin}",
    note = "\url{http://www.cs.utexas.edu/~firstbytes/}"
}

@misc{first_bytes_hs,
    key = "First bytes high school",
    title = "{First Bytes} Collaborative Workshop for Computer Science
	Teachers, {Department of Computer Science, The University of Texas at Austin}",
    note = "\url{http://www.cs.utexas.edu/~firstbytes/teachers/index.html}"
}

@misc{cs395ts09,
    key = "CS395t",
    author = "Michael Walfish",
    title = "{UT course CS395T, Spring 2009: Topics in Secure and
	Distributed Storage Systems}",
    note = "\url{http://www.cs.utexas.edu/~mwalfish/classes/s09-cs395t/}"
}

@misc{cs395tf09,
    key = "CS395t",
    author = "Michael Walfish",
    title = "{UT course CS395T, Fall 2009: Operating Systems
	Implementation}",
    note = "\url{http://www.cs.utexas.edu/~mwalfish/classes/f09-cs395t/}"
}

@misc{cs372hs10,
    key = "CS372H",
    author = "Michael Walfish",
    title = "{UT course CS372H, Spring 2010: Introduction to Operating
	Systems: Honors}",
    note = "\url{http://www.cs.utexas.edu/~mwalfish/classes/s10-cs372h/}"
}



@misc{turingscholars,
    key = "Turing scholars",
    title = "{Turing Scholars Honors Program, {Department of Computer
	Science, The University of Texas at Austin}}",
    note = "\url{http://www.cs.utexas.edu/academics/undergraduate/honors/turing/about/index.html}"
}

@misc{breakfast_bytes,
    key = "breakfast bytes",
    title = "{Breakfast Bytes, Department of Computer Science, The
	University of Texas at Austin}",
    note = "\url{http://outreach.cs.utexas.edu/breakfastbytes/}"
}

@misc{uteach,
    key = "UTeach",
    title = "{UTeach, The University of Texas at Austin}",
    note = "\url{http://uteach.utexas.edu/}"
}

@misc{uteachreplication,
    key = "UTeachReplication",
    title = "{UTeach, UTeach National Snapshot, The UTeach
	Institute, The University of Texas at Austin}",
    note =
	"\url{http://www.uteach-institute.org/news/detail/spring-2010-uteach-replication-snapshots-available/}"
}

@misc{uteachexpansionobama,
    key = "UTeachExpansion",
    title = "{UTeach Expansion Recognized as President Obama Spotlights
	Importance of Teachers in Improving U.S. Innovation}",
    note =
	"\url{http://www.utexas.edu/news/2010/01/07/uteach_expansion/}"
}

@book{howpeoplelearn,
    author = "{National Research Council}",
    title = "How People Learn: Brain, Mind, Experience, and School",
    year = 1999,
    publisher = "National Academies Press",
    editor = "John D. Bransford, Ann L. Brown, and Rodney R. Cocking",
    note = "\url{http://www.nap.edu/catalog.php?record_id=6160}"
}

@misc{nsf_education_handbook,
    author = "{National Science Foundation}",
    title = "{NSF 02-057}: {T}he 2002 User-Friendly Handbook for Project Evaluation",
    year = 2002,
    note = "\url{http://www.nsf.gov/pubs/2002/nsf02057/start.htm}"
}

@misc{utoutreachurl,
    key = "UTCS Outreach",
    title = "Outreach, {Department of Computer Science, The University of Texas at Austin}",
    note = "\url{http://www.cs.utexas.edu/academics/outreach/}"
}

@inproceedings{player,
    author = "D. A. Joseph and A. Tavakoli and I. Stoica",
    title = "A policy-aware switching layer for data centers",
    booktitle = SIGCOMM,
    year = 2008,
    month = aug
}

@article{internetimpasse:ieeecomputer,
    title = "Overcoming the {I}nternet Impasse Through Virtualization",
    author = "T. Anderson and L. Peterson and S. Shenker and J. Turner",
    journal = {IEEE Computer},
    volume = 38,
    number = 4,
    pages = {34--41},
    year = 2005,
    month = apr
}

@inproceedings{axiomaticcommunication,
    title = "An axiomatic basis for communication",
    author = "Martin Karsten and S. Keshav and Sanjiva Prasad and Mirza
	Beg",
    booktitle = SIGCOMM,
    year = 2007,
    month = aug
}

@booklet{torchfirehose,
    author = "A. Mattuck",
    title = "The Torch or the Firehose: A Guide for Section Teaching",
    howpublished = "MIT Teaching and Learning Laboratory",
    note =
	"\url{http://web.mit.edu/tll/teaching-materials/torch-hose.html}",
    year = 1985
}

@techreport{naous09network,
    author = "J. Naous and M. Walfish and David Mazi{\`e}res and Antonio Nicolosi and Arun Seehra",
    title = "Network Security via Explicit Consent",
    note = "\url{http://userweb.cs.utexas.edu/~aseehra/pub/icing_tr_0912.pdf}",
    month = mar,
    year = 2009,
    institution = "Department of Computer Science, The University of Texas at Austin",
    number = {TR-09-12}
}

@inproceedings{seehra09policy,
    author = "Arun Seehra and Jad Naous and Michael Walfish and David Mazi{\`e}res and Antonio Nicolosi and Scott Shenker",
    title = "A policy framework for the future {I}nternet",
    booktitle = HOTNETS,
    year = 2009,
    month = oct,
    note = "\url{http://conferences.sigcomm.org/hotnets/2009/papers/hotnets2009-final57.pdf}"
}

@techreport{naous09design,
    author = "J. Naous and A. Seehra and M. Walfish and David
	Mazi{\`e}res and Antonio Nicolosi and Scott Shenker",
    title = "The design and implementation of a policy framework for the
	future {I}nternet",
    month = sep,
    year = 2009,
    note =
	"\url{http://userweb.cs.utexas.edu/~aseehra/pub/icing_tr_0928.pdf}",
    institution = "Department of Computer Science, The University of Texas at Austin",
    number = {TR-09-28}
}

@techreport{naous10defining,
    author = "J. Naous and A. Seehra and M. Walfish and David
	Mazi{\`e}res and Antonio Nicolosi and Scott Shenker",
    title = "Defining and enforcing transit policies in a future {I}nternet",
    note = "\url{http://www.cs.utexas.edu/~mwalfish/icing_tr_1007.pdf}",
    month = feb,
    year = 2010,
    institution = "Department of Computer Science, The University of Texas at Austin",
    number = {TR-10-07}
}

@misc{naous10endhost,
    author = "J. Naous and A. Seehra and M. Walfish and David
	Mazi{\`e}res and Antonio Nicolosi and Scott Shenker",
    title = "End-host Control of Network Routing and Policy",
    note = "Submitted to OSDI and pending as of time of proposal
	submission. Available at \url{http://www.cs.utexas.edu/~mwalfish/icing-osdi-submit.pdf}",
    month = may,
    year = 2010
}

@misc{sha3HawkesM08,
  author    = {Phil Hawkes and Cameron McDonald},
   title     = "Submission to the {SHA}-3 Competition: The {CHI} Family
	of Cryptographic Hash Algorithms",
   note   = "\url{http://ehash.iaik.tugraz.at/uploads/2/2c/Chi_submission.pdf}",
    howpublished = {Submission to NIST},
    year      = {2008},
}

@TechReport{bgp,
  author = 	 {Y. Rekhter and T. Li},
  title = 	 { A Border Gateway Protocol 4 ({BGP}-4)},
  institution =  {Network Working Group},
  year = 	 1995,
  type =	 {RFC},
  number =	 1771,
  month =	 mar
}

@inproceedings{Naous:presto,
author = {Jad Naous and Glen Gibb and Sara Bolouki and Nick McKeown},
title = "{NetFPGA: reusable router architecture for experimental research}",
booktitle = {PRESTO '08: Proceedings of the ACM workshop on Programmable routers for extensible services of tomorrow},
year = {2008},
isbn = {978-1-60558-181-1},
pages = {1--7},
location = {Seattle, WA, USA},
doi = {http://doi.acm.org/10.1145/1397718.1397720},
publisher = {ACM},
address = {New York, NY, USA},
}

@TechReport{mpls_rfc,
    Author = {E. Rosen and A. Viswanathan and R. Callon},
    Title = {Multiprotocol Label Switching},
    institution =  {Network Working Group},
    Month = jan,
    type = {RFC},
    number = 3031,
    year = 2001
}

@TechReport{mpls_rsvp_rfc,
    Author = {D. Awduche and L. Berger and D. Gan and T. Li
	     and V. Srinivasan and G. Swallow},
    Title = {{RSVP-TE}: Extensions to {RSVP} for {LSP} Tunnels},
    institution =  {Network Working Group},
    Month = dec,
    type = {RFC},
    number = 3209,
    year = 2001
}

@inproceedings{legacyoveri3,
    author = "Dilip Joseph and Jayanthkumar Kannan and Ayumu Kubota and Karthik
	Lakshminarayanan and Ion Stoica and Klaus Wehrle",
    title = "{OCALA}: An Architecture for Supporting Legacy Applications
    over Overlays",
    booktitle = NSDI,
    year = 2006,
    month = apr
}

@article{dijkstra,
    author = "E. W. Dijkstra",
    title = "A Note on Two Problems in Connexion with Graphs",
    year = 1959,
    volume = 1,
    number = 1,
    journal = "Numerische Mathematik",
    publisher = "Springer Verlag",
    month = dec,
    pages = "269--271"
}

@misc{caida:pkt-size,
    key = caida,
   author="{The Cooperative Association for Internet Data Analysis
       (CAIDA)}",
   title = " Packet size distribution comparison between Internet links in 1998 and 2008 ",
    howpublished = "\url{http://www.caida.org/research/traffic-analysis/pkt_size_distribution/graphs.xml}"
}

@inproceedings{xiaowei_aip,
    author = "Xiaowei Yang and Xin Liu",
    title = "{I}nternet {P}rotocol Made Accountable",
    month = oct,
    year = 2009,
    booktitle = HOTNETS
}
