@article{tichy82rcs,
    author = "W. F. Tichy",
    title = "Design, implementation, and evaluation of a Revision Control System",
    booktitle = "ICSE '82 Proceedings of the 6th international conference on
        Software engineering",
    year = 1982,
    pages = {58-67}
}

@misc{cvs,
    key = {cvs},
    howpublished = {\url{http://cvs.nongnu.org/}},
    title = {Concurrent Versions System}
}

@misc{svn,
    key = {svn},
    howpublished = {\url{http://subversion.tigris.org/}},
    title = {Apache Subversion System}
}

@misc{monotone,
    key = {monotone},
    howpublished = {\url{http://www.monotone.ca/}},
    title = {Monotone}
}

@misc{darcs,
    key = {darcs},
    howpublished = {\url{http://darcs.net/}},
    title = {Darcs}
}

@misc{bitkeeper,
    key = {bitkeeper},
    howpublished = {\url{http://www.bitkeeper.com}},
    title = {BitKeeper}
}

@techreport{vesta,
    author = "Allan Heydon and Roy Levin and Timothy Mann and Yuan Yu",
    title = "The Vesta Approach to Software Configuration Management",
    year = 2001,
    month = {March},
    institution = "Compaq Systems Research Center",
    number = {Research Report 168},
    note = "\url{ftp://gatekeeper.research.compaq.com/pub/DEC/SRC/research-reports/SRC-168.pdf}"
}

@inproceedings{mackall06mercurial,
    author = "M. Mackall and S. Consulting",
    title = "Towards a better scm: Revlog and mercurial",
    year = 2006,
    booktitle = "Linux Symposium"
}


