@inproceedings{ingram11repair,
    author = "Lon Ingram and Ivaylo Popov and Srinath Setty and Michael
	Walfish",
    title = "Repair from a chair: Computer repair as an untrusted cloud
	service",
    booktitle = HOTOS,
    year = 2011
}

@inproceedings{kim10intrusion,
    author = "Taesoo Kim and Xi Wang and Nickolai Zeldovich and M. Frans Kaashoek",
    title = "Intrusion Recovery Using Selective Re-execution",
    booktitle = osdi,    
    year = 2010
}
@comment    month = oct,

@inproceedings{goel05taser,
    author = "A. Goel and K. Po and K. Farhadi and Z. Li and E. D.
	Lara",
    title = "The {T}aser Intrusion Recovery System",
    booktitle = sosp,
    year = 2005
}
@comment    month = oct,

@inproceedings{kushman10enabling,
    author = "Nate Kushman and Dina Katabi",
    title = "Enabling Configuration-Independent Automation by Non-Expert
	Users",
    booktitle = osdi,
    year = 2010
}
@comment    month = oct,

@inproceedings{huang05privacy,
    author = "Qiang Huang and Helen J. Wang and Nikita Borisov",
    title = "Privacy-Preserving Friends Troubleshooting Network",
    booktitle = ndss,
    year = 2005
}

@inproceedings{halcrow05ecryptfs,
    author = "Michael Austin Halcrow",
    title = "e{C}ryptfs: An Enterprise-class Cryptographic
      Filesystem for {L}inux",
    booktitle = LS,
    year = {2005}
}
@comment    month = jul,

@misc{geeksquadincident1,
    key = "Consumerist",
    author = "{The Consumerist}",
    title = "Computer Techs Caught Overcharging, Lying, And Snooping
	Through Your Personal Files",
    month = aug,
    year = 2008,
    howpublished =
    "\url{http://bit.ly/dSAkNA}"
}

@misc{geeksquadincident2,
    key = "Ars Technica",
    author = "{Ars Technica}",
    title = "Geek Squad guy caught playing Peep Squad",
    month = apr,
    year = 2007,
    howpublished = "\url{http://arstechnica.com/old/content/2007/04/geek-squad-guy-caught-playing-peep-squad.ars}"
}

@misc{consumeristgeeksquad1,
    key = "Consumerist",
    author = "{The Consumerist}",
    howpublished =
	"\url{http://consumerist.com/2008/05/50k-porn-pilfering-lawsuits-opens-with-geek-squad-employee-confession.html}"
}

@misc{consumeristgeeksquad2,
    key = "Consumerist",
    author = "{The Consumerist}",
    howpublished =
	"\url{http://consumerist.com/2008/02/computer-techs-caught-overcharging-lying-and-snooping-through-your-personal-files.html}"
}

@misc{consumeristgeeksquad3,
    key = "Consumerist",
    author = "{The Consumerist}",
    howpublished =
	"\url{http://consumerist.com/2007/07/geek-squad-hatched-plot-to-harvest-porn-from-pornstar-jasmine-greys-harddrive-days-before-she-died-i.html}"
}

@misc{consumeristgeeksquad4,
    key = "Consumerist",
    author = "{The Consumerist}",
    howpublished =
	"\url{http://consumerist.com/2007/07/2-more-former-employees-claim-geek-squad-stole-customers-personal-files.html}"
}

@misc{consumeristgeeksquad5,
    key = "Consumerist",
    author = "{The Consumerist}",
    howpublished = 
	"\url{http://consumerist.com/2007/07/video-consumerist-catches-geek-squad-stealing-porn-from-customers-computer.html}"
}

@inproceedings{kozuch02internet,
 author = "Kozuch, Michael and Satyanarayanan, M.",
 title = "Internet Suspend/Resume",
 booktitle = "IEEE Workshop on Mobile Computing Systems and Applications",
 year = "2002"}

@inproceedings{whitaker04constructing,
 author = "Whitaker, Andrew and Cox, Richard S. and Shaw, Marianne and Gribble, Steven D.",
 title = "Constructing services with interposable virtual hardware",
 booktitle = nsdi,
 year = "2004"}

@inproceedings{clark05live,
 author = "Clark, Christopher and Fraser, Keir and Hand, Steven and Hansen, Jacob Gorm and Jul, Eric and Limpach, Christian and Pratt, Ian and Warfield, Andrew",
 title = "Live Migration of Virtual Machines",
 booktitle = nsdi,
 year = "2005"}

@inproceedings{sapuntzakis02optimizing,
 author = "Sapuntzakis, Constantine P. and Chandra, Ramesh and Pfaff, Ben and Chow, Jim and Lam, Monica S. and Rosenblum, Mendel",
 title = "Optimizing the migration of virtual computers",
 booktitle = osdi,
 year = "2002"}

@inproceedings{chandra05collective,
    author = "R. Chandra and N. Zeldovich and C. Sapuntzakis and M.
	Lam",
    title = "The {C}ollective: A cache-based system management
	architecture",
    booktitle = nsdi,
    year = 2005
}
@comment    month = may

@inproceedings{whitaker04configuration,
 author = "Whitaker, Andrew and Cox, Richard S. and Gribble, Steven D.",
 title = "Configuration debugging as search: finding the needle in the haystack",
 booktitle = osdi,
 year = "2004"}

@inproceedings{brown03undo,
 author = "Brown, Aaron B. and Patterson, David A.",
 title = "Undo for operators: building an undoable e-mail store",
 booktitle = USENIX,
 year = "2003"}

@inproceedings{itoi01personal,
    author = "Naomaru Itoi and William A. Arbaugh and Samuela J. Pollack and Daniel M. Reeves",
    title = "Personal Secure Booting",
    booktitle = "ACISP",
    year = "2001"}

@inproceedings{arbaugh97secure,
 author = "W. Arbaugh and D. Farber and J. Smith",
 title = "A secure and reliable bootstrap architecture",
 booktitle = "{IEEE} Symposium on Security and Privacy",
 year = "1997"}

@inproceedings{arbaugh98automated,
 author = "William A. Arbaugh and Angelos D. Keromytis and David J. Farber and Jonathan M. Smith",
 title = "Automated Recovery in a Secure Bootstrap Process",
 booktitle = ndss,
 year = {1998}}

@inproceedings{king03backtracking,
 author = "King, Samuel T. and Chen, Peter M.",
 title = "Backtracking Intrusions",
 booktitle = sosp,
 year = "2003"}

@inproceedings{dunlap02revirt,
 author = "Dunlap, George W. and King, Samuel T. and Cinar, Sukru and Basrai, Murtaza A. and Chen, Peter M.",
 title = "{ReVirt}: Enabling Intrusion Analysis through Virtual-Machine Logging and Replay",
 booktitle = osdi,
 year = "2002"}

@inproceedings{payne08lares,
 author = "Payne, Bryan D. and Carbone, Martim and Sharif, Monirul and Lee, Wenke",
 title = "{Lares}: An Architecture for Secure Active Monitoring Using Virtualization",
 booktitle = "{IEEE} Symposium on Security and Privacy",
 year = "2008",
 }

@article{muniswamyreddy09causality,
 author = "Muniswamy-Reddy, Kiran-Kumar and Holland, David A.",
 title = "Causality-based versioning",
 journal = "Transactions on Storage",
 volume = "5",
 number = "4",
 year = "2009",
 pages = {1--28}}

@inproceedings{muniswamyreddy06provenance,
    author = "Kiran-Kumar Muniswamy-Reddy and David A. Holland and Uri Braun and Margo Seltzer",
    title = "Provenance-Aware Storage Systems",
    booktitle = usenix,
    year = 2006
}

@inproceedings{muniswamyreddy09layering,
    author = "Kiran-Kumar Muniswamy-Reddy and Uri Braun and David A.  Holland and Peter Macko and Diana Maclean and Daniel Margo and Margo Seltzer and Robin Smogor",
    title = "Layering in Provenance Systems",
    booktitle = usenix,
    year = 2009
}


@inproceedings{yang08using,
 author = "Yang, Jisoo and Shin, Kang G.",
 title = "Using hypervisor to provide data secrecy for user applications on a per-page basis",
 booktitle = "{SIGPLAN/SIGOPS} conference on {V}irtual execution environments",
 year = "2008"}

@inproceedings{lie03implementing,
 author = "Lie, David and Thekkath, Chandramohan A. and Horowitz, Mark",
 title = "Implementing an untrusted operating system on trusted hardware",
 booktitle = sosp,
 year = "2003"}

@inproceedings{newsome05dynamic,
 author = "James Newsome and Dawn Song",
 title = "Dynamic Taint Analysis for Automatic Detection, Analysis, and Signature Generation of Exploits on Commodity Software",
 booktitle = ndss,
 year = "2005"}

@inproceedings{zhu03design,
 author = "Ningning Zhu and T.  Chiueh",
 title = "Design, Implementation, and Evaluation of Repairable File Service",
 booktitle = dsn,
 year = "2003"
}

@inproceedings{su07autobash,
 author = "Su, Ya-Yunn and Attariyan, Mona and Flinn, Jason",
 title = "{A}uto{B}ash: {I}mproving configuration management with operating system causality analysis",
 booktitle = sosp,
 year = "2007"
}
@comment  month = oct,

@inproceedings{attariyan10automating,
    author = "Mona Attariyan and Jason Flinn",
    title = "Automating configuration troubleshooting with dynamic information flow analysis",
    booktitle = osdi,
    year = 2010
}
@comment    month = oct,

@inproceedings{attariyan08using,
    author = "Mona Attariyan and Jason Flinn",
    title = "Using causality to diagnose configuration bugs",
    booktitle = usenix,
    year = 2008
}

@inproceedings{su09automatically,
    author = "Ya-Yunn Su and Jason Flinn",
    title = "Automatically generating predicates and solutions for
	configuration troubleshooting",
    booktitle = usenix,
    year = 2009
}

@inproceedings{shah07using,
    author = "S. Shah and C. A. N. Soules and G. R. Ganger and B. D.  Noble",
    title = "Using Provenance to Aid in Personal File Search",
    booktitle = usenix,
    year = 2007
}

@inproceedings{verbowski06flight,
    author = "Chad Verbowski and Emre K{\i}c{\i}man and Arunvijay Kumar and
	Brad Daniels and Shan Lu and Juhan Lee and
	Yi-Min Wang and Roussi Roussev",
    title = "{F}light {D}ata {R}ecorder: Always-on Tracing and Scalable Analysis of Persistent
    State Interactions to Improve Systems and Security Management",
    booktitle = osdi,
    year = 2006
}

@inproceedings{yuan06automated,
    author = "Chun Yuan and Ni Lao and Ji-Rong Wen and Jiwei Li and
	Zheng Zhang and Yi-Min Wang and Wei-Ying Ma",
    title = "Automated Known Problem Diagnosis with Event Traces",
    booktitle = eurosys,
    year = 2006
}

@inproceedings{wang04automatic,
    author = "Helen J. Wang and John C. Platt and Yu Chen and Ruyun Zhang and Yi-Min Wang",
    title = "Automatic Misconfiguration Troubleshooting with {P}eer{P}ressure",
    booktitle = osdi,
    year = 2004
}

@inproceedings{vrable05scalability,
    author = "Michael Vrable and Justin Ma and Jay Chen and David Moore
	and Erik Vandekieft and Alex C. Snoeren and Geoffrey M. Voelker
	and Stefan Savage",
    title = "Scalability, Fidelity, and Containment in the {P}otemkin Virtual
	Honeyfarm",
    booktitle = sosp,
    year = 2005
}

@misc{vappliance,
	key = vappliance,
	title = "{Virtual Appliances: Operating Systems}",
	howpublished = "\url{http://www.vmware.com/appliances/directory/cat/508}"}

@misc{vboxappliance,
	key = vboxappliance,
	title = "{VirtualBox Virtual Appliances}",
	howpublished = "\url{http://virtualboximages.com/}"}

@misc{pappliance,
	key = pappliance,
	title = "{Parallels Virtual Appliances}",
	howpublished = "\url{http://www.parallels.com/ptn/solutions/va/}"}

@misc{decisionone,
	key = decisionone,
	title = "{DecisionOne -- Managed Desktop Services}",
	howpublished =
	    "\url{http://www.decisionone.com/managed_desktop_services/}"}

@misc{mindshift,
	key = mindshift,
	title = "{mindSHIFT -- Managed Desktop Services}",
	howpublished = "\url{http://www.mindshift.com/Managed-Desktop-Services.xhtml}"}

@misc{catapult,
	key = catapult,
	title = "{Catapult Technology -- Managed Desktop Services}",
	howpublished = "\url{http://www.catapulttechnology.com/areas/desktop.asp}"}

@misc{emtec,
	key = emtec,
	title = "{Emtec -- Managed Services}",
	howpublished = "\url{http://www.emtecinc.com/en/services/managed-services/}"}


misc{rhatappliance,
	key = rhatappliance,
	title = "{Appliance Operating System}",
	howpublished = "\url{http://www.redhat.com/solutions/aos/}"}


@misc{gotomypc,
    key = gotomypc,
    title = "{GoToMyPC}",
    howpublished = "\url{http://www.gotomypc.com/}"}

@misc{vmotion,
    key = vmotion,
    title = "{VMware vMotion}",
    howpublished = "\url{http://www.vmware.com/products/vmotion/}"}


@misc{tightvnc,
    key = tightvnc,
    title = "{TightVNC} {S}oftware",
    howpublished = "\url{http://www.tightvnc.com/}"}

@misc{copilot,
    key = copilot,
    title = "{F}og {C}reek {C}opilot",
    howpublished = "\url{http://www.copilot.com/}"}

@misc{gautoupdate,
     key = gautoupdate,
     title = "{The Chromium Projects: Autoupdate details}",
     howpublished ="\url{http://www.chromium.org/chromium-os/chromiumos-design-docs
	tails}"}

@misc{gverifiedboot,
     key = gverifiedboot,
     title = "{The Chromium Projects: Verified Boot}",
     howpublished
	="\url{http://dev.chromium.org/chromium-os/chromiumos-design-docs}"
}

